2850 4767
415 226 1165 335 ..PRAEFATIO

262 416 309 485 ‘eo
327 406 496 501 inficias,
533 413 651 489 multa
668 412 738 489 esse
756 410 892 502 inille,
918 408 1018 510 quod
1037 408 1077 486 δε
1098 408 1216 485 Iidem
1226 409 1337 487 reste

265 509 617 607 animadverterunt,
654 510 878 601 laudabilia,
905 509 1093 609 multaque
1117 510 1338 609 eleganter,

266 626 393 701 acute,
421 609 460 684 ὃ(
482 630 567 685 cum
583 610 727 711 judicio
745 590 865 699 dffiba3
894 608 1088 705 praecipue
1113 606 1178 682 ubi
1204 608 1337 683 causae

266 701 507 799 seditionum,
534 709 573 785 δε
592 707 835 784 converfionis
854 704 1036 805 Reipubl.
1052 703 1239 877 Romaqae
1254 731 1334 780 ex·

268 804 396 917 ponit,
423 828 514 919 quae
535 806 623 880 mihi
641 806 781 906 semper
797 804 1063 905 pulcherrimae
1085 803 1183 879 totiu
1216 806 1334 903 Ope·

266 900 1333 1102 lttss‘tatlltll‘tl‘r..⁰l.s.².lqlt1l:ls.²tnl}

267 1096 450 1196 Scriptor‚
483 1102 549 1199 qui
565 1102 616 1176 ita
635 1101 733 1202 quali
752 1103 789 1175 in
809 1099 913 1174 brevi
932 1098 1085 1198 quadam
1112 1097 1243 1174 tabella
1259 1119 1333 1173 to·

266 1210 343 1268 tam
361 1196 456 1297 Pop.
474 1200 593 1275 Rom.
611 1202 807 1298 imaginem
823 1198 1012 1298 amplexus
1025 1194 1092 1289 fit,
1117 1196 1334 1296 gradusque

268 1316 395 1369 omncs
412 1320 454 1370 ac
484 1296 669 1395 processus
695 1295 940 1397 Reipublicae
968 1294 1017 1369 ob
1037 1294 1172 1375 oeulos¹
1191 1294 1333 1393 posue·

265 1392 345 1486 rit,
379 1396 528 1469 omnino
554 1394 918 1495 sequotsententiam
953 1390 1093 1466 Clariis.
1138 1393 1330 1488 Graevii,

268 1488 421 1590 dignum
440 1490 531 1582 else,
558 1495 622 1592 qui
641 1520 669 1568 a·
679 1491 840 1569 studiosrs
854 1488 1140 1586 adolescentibus
1155 1491 1297 1590 legatur
1312 1546 1329 1581 ‚

269 1587 309 1659 δι
325 1589 367 1661 iis
385 1588 578 1689 diligenter
597 1592 636 1667 dc
656 1590 826 1667 adcurate
843 1608 1063 1689 exponatur.
1112 1590 1158 1663 ln
1174 1587 1330 1759 quanifi

270 1684 310 1759 &
326 1686 385 1759 alii
404 1686 485 1761 Viri
505 1690 637 1803 Magni
658 1686 829 1782 fuissent,
854 1710 1051 1787 numquam
1069 1710 1153 1762 eum
1204 1688 1242 1759 bi
1262 1688 1332 1762 vel

271 1782 586 1877 Commentariis,
623 1788 680 1863 vel
706 1783 1036 1875 Recitationibus,
1070 1802 1114 1860 ut
1141 1781 1287 1885 Lipsius
1314 1842 1328 1875 ‚

269 1902 381 1979 quem
397 1885 505 1957 etiam
526 1885 737 1960 Editionem
756 1886 852 1960 illius
869 1883 1082 1960 meditatum
1103 1880 1329 1959 fuissedisci·

379 2004 423 2054 ⁶¹
441 1983 528 2155 ll.
549 1982 760 2157 tritu.
775 1981 1231 2156 Cfldltllllllll
1255 1994 1331 2155 u:

193 2254 197 2263 ,
270 2100 597 2275 ddplldgedroudisi,
622 2182 694 2256 hoc
713 2136 860 2280 quoque
882 2177 1037 2351 probare
1059 2203 1133 2253 non
1157 2106 1331 2278 possim]

272 2271 373 2371 quod
390 2294 519 2351 contra
536 2277 646 2353 fidem
672 2280 836 2353 omnium
854 2276 880 2350 li
910 2301 1032 2352 rorum
1050 2274 1270 2377 scriptorum
1283 2280 1328 2354 bc

270 2368 455 2465 editorum
484 2376 521 2449 in
547 2397 728 2452 contextu
754 2376 856 2449 Flori
887 2375 956 2449 alia
982 2396 1150 2465 mutare,
1176 2376 1215 2451 &
1233 2400 1327 2451 con-

272 2466 428 2565 jedluras
447 2472 709 2563 Eruditorum‚
733 2498 864 2573 easque
879 2472 1061 2549 interdum
1088 2473 1238 2554 leves&
1267 2476 1328 2549 in·

274 2586 412 2661 certas,
438 2573 624 2669 recipcre,
650 2571 718 2647 alia
734 2594 780 2645 ex
798 2594 843 2643 eo
852 2572 983 2671 ejicere
999 2570 1100 2647 ausus
1121 2568 1205 2645 suit.
1232 2572 1326 2667 Qua

271 2660 420 2737 licentia
439 2662 464 2739 fi
484 2668 520 2743 in
542 2669 747 2769 Scriptores
762 2686 900 2744 veteres
917 2668 1061 2767 grassari
1086 2666 1328 2763 conceditur,

270 2783 333 2835 eos
357 2760 462 2836 brevi
487 2766 606 2841 multo
633 2770 774 2862 etiam,
815 2788 925 2867 quam
952 2791 1049 2843 nunc
1084 2764 1198 2855 sunt,
1235 2792 1329 2841 cor-

274 2860 457 2957 ruptiores
475 2862 700 2945 habebimus.

324 2956 398 3033 Sed
409 2956 453 3032 do
473 2958 683 3039 hissortalirs
695 2964 800 3038 nimis
818 2964 962 3057 multa,
998 2962 1219 3061 atqueetiam
1230 2985 1330 3037 non·

277 3053 408 3152 nullis,
434 3079 476 3132 ut
494 3061 651 3158 opinor,
677 3086 805 3162 parum
823 3058 1069 3160 gratascripfi.
1092 3062 1333 3160 ltaqucnunc

277 3175 386 3251 quam
406 3177 545 3325 potero
575 3158 807 3248 breviffime,
841 3158 973 3258 quibus
991 3157 1035 3231 ad
1062 3160 1152 3232 hanc
1178 3158 1329 3233 Editio-

275 3273 359 3324 oem
385 3277 405 3325 a
431 3256 623 3331 ornandam
654 3255 818 3331 subsidiis
846 3255 928 3329 usus
946 3254 1107 3350 fuerim,
1140 3254 1329 3355 exsequar.

277 3346 409 3439 Qtum
437 3355 596 3449 primum
623 3356 668 3429 de
692 3354 806 3429 Floro
838 3352 980 3427 'edendo
1005 3358 1167 3454 cogitare
1188 3358 1331 3454 coepi,

276 3443 451 3527 habebam
470 3450 711 3527 conlationem
734 3452 822 3525 Msi
842 3449 991 3525 Codicis
1008 3454 1224 3552 Ryckiani,
1260 3477 1330 3527 cu·

272 3543 334 3641 jus
355 3544 456 3617 usum
475 3548 562 3622 mihi
585 3546 651 3624 Vir
669 3545 829 3631 Dostiff.
848 3550 1053 3623 Pancratius
1084 3551 1303 3625 Maasvicius
1314 3606 1330 3645 ,

276 3639 438 3739 quitum
468 3668 550 3721 eum
582 3646 809 3746 poffidebat,
837 3645 1066 3722 concesserat.
1115 3649 1230 3722 Hunc
1250 3648 1333 3745 jam

274 3756 358 3810 ante
384 3738 530 3837 quidem
559 3742 758 3821 exeull‘erat
786 3744 971 3819 Celeberr.
1023 3746 1235 3838 Graevius,
1270 3742 1333 3821 sed

273 3836 444 3935 quoniam
468 3842 557 3919 mihi
575 3840 830 3944 persuadebam
838 3841 903 3918 vix
921 3867 1140 3948 quemquam
1155 3860 1332 4015 tamoclu·

1294 3966 1333 4016 ἢ·
