2850 4767
411 202 1148 335 rans-rnrto.

242 389 274 463 ri
293 388 435 460 nomine
453 386 489 459 in
517 387 589 459 suas
615 381 788 483 congesiit
813 383 1102 471 Freinshemius,
1136 406 1301 481 quarum

241 487 433 559 maximam
470 505 608 581 partem
638 486 673 555 in
704 484 794 568 illa,
829 508 935 581 quarn
963 482 1067 566 dixi,
1112 480 1301 557 Editione
1362 501 1378 546 a

243 584 396 655 Grutcri
414 580 542 655 frustra
561 605 716 678 quaerat.
770 580 839 653 Eas
861 579 895 652 se
915 576 996 678 post
1018 577 1296 653 Bibliothecam
1363 583 1378 620 ³³

239 680 436 755 Palatinam
465 682 500 751 in
534 678 671 751 ltaliam
708 676 866 751 atessam
886 708 906 766 ,¹
934 678 973 749 δε
1000 674 1171 759 tredecim
1188 681 1298 753 annis
1362 679 1378 722 ’ἶ

245 776 328 877 poll
348 774 555 849 Editionem
583 782 628 849 A.
652 778 729 851 clo
753 776 883 849 loctx.
910 770 1102 848 confecisse
1127 772 1201 874 ipse
1227 796 1296 847 tc·
1357 782 1378 845 T:

242 872 356 948 statur
371 874 414 947 ad
435 874 534 947 Flor.
561 897 592 947 1.
616 897 673 970 ¹7·
690 898 727 967 4.
753 876 791 949 &
823 899 880 946 tv.
902 896 936 946 2.
954 883 990 948 6.
1025 872 1086 944 De
1104 898 1173 971 qua
1193 870 1294 946 Edi·
1364 883 1374 921 ἵ

242 974 342 1073 tione
378 972 529 1046 Gruteri
549 972 636 1044 nihil
656 972 753 1045 aliud
771 992 999 1069 compertum
1018 968 1151 1057 habeo,
1176 996 1296 1069 quam
1366 981 1378 1024 -ῑ

241 1070 426 1167 quodeam
437 1087 611 1143 memorat
631 1070 894 1155 Freinshemius
913 1066 956 1143 ad
966 1068 1067 1141 Flor.
1093 1092 1150 1141 tv.·
1163 1091 1198 1141 2.
1217 1092 1295 1158 42.
1363 1058 1378 1126 -l

245 1168 346 1243 Nam
358 1184 471 1267 neque
481 1166 552 1281 ipse
572 1192 647 1240 earn
668 1192 838 1265 umquam
857 1168 954 1259 vidi,
980 1190 1046 1239 ncc
1066 1191 1293 1265 quemquam
1367 1183 1378 1226 ‘f

245 1266 363 1339 adhuc
382 1268 526 1359 invem,
551 1264 766 1365 quamquam
784 1293 803 1341 e
822 1262 1131 1368 multisquacfivi,
1158 1266 1295 1339 cuivi·
1367 1316 1371 1325 -

123 1353 140 1423 s
243 1364 308 1458 sa,
349 1383 410 1437 aut
428 1380 576 1461 cognita
593 1362 716 1437 fuerit.
766 1367 893 1462 Itaque
918 1364 988 1436 hoc
1010 1362 1087 1435 aliis
1113 1360 1297 1461 quaerenss
1371 1387 1377 1424 Α

245 1458 333 1537 dum
358 1462 534 1629 relinpuo.
561 1460 663 1555 Qrid
682 1456 871 1535 autem'de
897 1461 1049 1535 Gruteri
1069 1460 1183 1535 Notis
1208 1452 1295 1534 senss
1376 1485 1378 1522 :

244 1560 328 1635 serit
345 1559 445 1633 Clari
477 1613 486 1631 .
514 1560 711 1647 Graevius,
739 1560 894 1660 intelligi
913 1558 1086 1653 potestex
1106 1560 1170 1649 iis,
1197 1584 1299 1657 quae
1373 1587 1378 1628 r

243 1659 288 1732 ad
307 1654 406 1731 Flo'r.
431 1680 460 1731 t.
483 1677 538 1753 13.
562 1676 597 1755 3.
618 1654 754 1731 scribit.
807 1659 858 1731 Et
876 1680 1017 1732 certum
1035 1654 1109 1747 est,
1134 1658 1296 1745 Florum
1375 1685 1378 1726 ;

244 1753 371 1830 multis
387 1756 546 1855 partibus
566 1756 645 1855 plus
674 1754 804 1831 debere
822 1755 1022 1845 Salmasao,
1056 1780 1162 1855 quam
1183 1756 1293 1829 Gru·
1376 1815 1378 1824 .

246 1876 339 1927 tero.
394 1852 478 1927 Post
520 1854 723 1927 Gruterum
759 1854 797 1929 ὅ(
831 1853 1039 1927 Salmasrum
1083 1854 1211 1925 deinde
1242 1854 1293 1927 ad

245 1950 397 2025 Florum
424 1950 601 2026 edendum
628 1954 785 2030 animum
813 1950 979 2053 adjunxit
1008 1952 1069 2047 Jo.
1095 1950 1291 2025 Freinshe-
1364 2019 1371 2038 ,

246 2041 374 2124 inius:
419 2054 480 2149 qui
507 2050 609 2123 nullo
638 2048 783 2149 quidem
811 2076 908 2123 novo
946 2052 1080 2125 auxilio
1106 2050 1291 2123 librorum
1376 2085 1377 2094 ¹

243 2146 487 2241 MSSorum,
521 2168 582 2221 aut
609 2146 829 2223 vetustarum
865 2148 1104 2242 Editionum,
1128 2164 1293 2249 praeter·
1376 2215 1377 2218 ,

246 2242 351 2343 ¹quam
373 2248 500 2339 unius,
553 2272 634 2320 uam
662 2250 708 2322 A.
730 2250 805 2321 clo
824 2248 909 2321 on.
936 2244 1125 2350 prodiisse,
1152 2248 1290 2346 &cum

244 2340 362 2417 bonae
382 2366 487 2418 notae
557 2345 639 2418 SSis
656 2346 834 2420 conlatam
861 2343 973 2418 videri
997 2344 1151 2437 scribit,
1184 2344 1293 2442 adju·

247 2465 326 2529 tus,
353 2442 410 2514 sed
431 2440 507 2515 solo
535 2442 680 2539 iugenio
707 2468 748 2515 ac
771 2442 914 2544 judicio
938 2442 1022 2533 suo,
1051 2464 1291 2537 veterumque

245 2568 290 2616 ac
311 2544 554 2619 recentiorum
585 2540 815 2639 Scriptorum
842 2540 994 2615 lessione
1021 2540 1164 2633 fretus,
1197 2540 1228 2611 F
1232 2538 1291 2609 lo·
1376 2599 1377 2632 ζ

245 2664 326 2715 rum
346 2638 463 2711 inulto
480 2636 731 2732 emendatius,
756 2664 862 2738 quarn
890 2661 972 2714 ante
996 2638 1204 2737 legebatur,
1229 2636 1289 2709 id·

246 2736 317 2837 que
344 2734 555 2835 plerumque
581 2760 626 2809 cx
645 2736 859 2813 austeritate
892 2738 1068 2813 librorum
1093 2757 1290 2827 veterum,
1376 2789 1377 2802 t

245 2834 378 2935 quibus
394 2835 452 2909 alii
480 2856 561 2907 ante
579 2858 662 2909 eum
679 2834 732 2909 usi
750 2835 912 2922 fuerant,
938 2834 1075 2929 edidit,
1100 2830 1290 2907 eruditissi-

242 2934 382 3033 tuisque
410 2930 788 3009 Animadverfionibus
821 2932 1052 3019 inlustravit3
1093 2932 1291 3030 inquibus

245 3032 376 3105 multas
404 3028 485 3127 post
503 3031 659 3121 Vineti,
695 3034 871 3127 Gruteri,
899 3026 1288 3204 &Salmasridil‘pgenf
1376 3105 1377 3132 ,

245 3132 333 3203 tiam
353 3126 470 3203 adhuc
487 3132 524 3203 in
542 3156 586 3203 eo
616 3128 756 3206 relislas
782 3132 819 3207 &
845 3127 1162 3204 latentes=mendas
1204 3155 1289 3229 aga·
1376 3223 1377 3228 Ἰ

244 3224 377 3301 cislimc
396 3227 565 3301 odoratus
583 3227 667 3325 cst,
695 3230 733 3305 bt
760 3232 819 3303 ita·
838 3226 994 3302 feliciter
1019 3233 1180 3303 correxit
1200 3282 1213 3323 ,
1245 3252 1290 3307 ut

242 3324 431 3413 (habitem,
451 3350 495 3397 an
516 3350 644 3420 nemo,
673 3326 697 3399 fi
718 3324 741 3399 'a
760 3325 931 3400 Salmasro
952 3320 1174 3425 discesseris,
1212 3352 1289 3401 me·

242 3420 311 3497 lius
331 3423 376 3495 de
392 3446 435 3497 eo
462 3426 612 3499 meritus
638 3423 694 3498 sit.
753 3424 838 3499 Nec
866 3426 903 3498 in
934 3424 1049 3499 Notis
1073 3427 1151 3525 ejus
1178 3426 1286 3524 quid·
1376 3421 1377 3514 f

241 3545 348 3618 quam
374 3542 594 3623 magnopere
627 3524 798 3622 cuiquam
826 3520 1018 3623 displicere
1042 3520 1179 3623 poffit,
1219 3522 1286 3598 nisi
1376 3549 1377 3590 r

240 3615 338 3717 quod
356 3620 537 3696 interdum
560 3640 662 3697 extra
682 3618 778 3695 oleas
804 3621 963 3723 vagari,
998 3621 1037 3696 δι
1057 3622 1189 3697 nimius
1219 3618 1287 3719 esse
1376 3673 1377 3692 r

236 3716 386 3804 videtur,
411 3720 449 3791 in
484 3718 805 3817 comparandis&
842 3720 1068 3797 cumulandis
1107 3718 1286 3794 similibus
1376 3805 1377 3814 p

234 3812 387 3895 aliorum
409 3814 627 3913 sententiis,
667 3816 912 3928 &exemplis
941 3844 988 3925 eat
1012 3816 1112 3921 omni
1139 3816 1287 3915 historia
1376 3817 1377 3832 ³

799 3944 804 3953 “
1033 3944 1037 3948 ’
1230 3938 1289 4003 10⁸.
1376 3977 1377 4004 r
