2850 4767
439 238 1154 336 J0.Gronoranarurr

282 361 348 439 iiii,
366 357 574 444 quaeseneca
589 359 666 423 ridet
684 377 711 421 1.
731 357 858 424 Suasor.
900 355 1015 423 Fremit
1031 353 1167 422 Oreum
1180 357 1267 447 quast
1277 359 1335 422 in·

280 447 484 532 dignaretur,
515 441 594 530 quod
622 457 721 504 terras
743 441 952 530 relinquimus·
1003 438 1115 506 Putide
1144 463 1208 506 non
1241 463 1332 508 nun·

280 547 377 612 quarn
392 526 600 590 eruditionem
623 525 754 588 ostentat
771 524 801 590 dr
816 544 883 592 raon
899 523 958 588 suo
976 527 1062 588 loco.
1106 522 1207 589 Libro
1222 525 1249 591 Ι.
1269 543 1326 606 17.

281 631 358 676 curn
382 605 501 677 dixisset
525 607 661 699 Fabium
685 605 873 676 Maximum
895 607 989 691 captio
1007 605 1218 690 superioribus
1236 609 1331 694 jurgia

280 694 314 790 in
329 691 485 788 subjel‘hls
495 691 559 786 ¹suo
572 711 643 787 jure
659 688 851 787 detumuisse,
868 687 1043 787 subuefflt:
1066 714 1103 754 ee
1116 693 1327 788 umquespe·

281 800 343 922 “52
362 770 1329 926 llllzli‘hsilub'lit'ihlhn‘llhzltlbls

281 875 533 1030 {intomachiam
546 907 737 1009 iticulcandi·
822 942 866 1006 lle
877 935 950 1008 sane
964 939 996 1007 ir
1010 939 1209 1024 tempestive!
1234 878 1327 1024 qugali

284 1045 397 1090 omnes
413 1025 500 1107 quie
524 1029 598 1088 loco
613 1022 772 1106 superiore
785 1035 923 1110 puguant
945 1023 1004 1089 lint
1019 1023 1116 1103 Joves
1132 1071 1143 1106 ,
1175 1023 1206 1092 de
1222 1025 1328 1092 hoster

155 1157 158 1164 .
284 1107 318 1177 in
339 1108 507 1172 humiliore
527 1105 598 1176 solo
622 1105 678 1172 fint
699 1108 849 1190 gigantes.
898 1105 953 1172 Sic
980 1107 1032 1170 lib.
1059 1125 1108 1190 tr,
1131 1127 1246 1192 capt.
1284 1109 1330 1174 de

220 1199 223 1208 “
283 1189 462 1276 Calpurnio
479 1189 644 1271 Flamma,
668 1190 723 1272 qui
745 1191 784 1256 ab
797 1188 933 1255 hostibus
948 1187 1095 1255 insessum
1119 1193 1243 1258 collem
1263 1211 1328 1256 oc·

285 1289 431 1360 cuperat,
453 1273 485 1339 dr
497 1273 565 1356 jam
581 1273 634 1338 diu
656 1272 839 1340 sulliutrerat
857 1272 1013 1355 impetum
1027 1271 1191 1356 holh'um,
1221 1273 1330 1340 donec

285 1355 390 1424 omnis
414 1354 574 1424 transtisset
594 1357 773 1438 exercitur,
802 1352 935 1422 subtexit
956 1354 1164 1451 ineptiffime:
1195 1355 1244 1420 Sic
1253 1357 1332 1442 pul·

286 1441 432 1510 cherrima
456 1442 543 1504 exitu
565 1431 711 1524 Thermop
729 1438 829 1504 larum
852 1437 893 1511 &³
917 1437 1071 1502 Leonrdae
1087 1438 1206 1519 farm
1232 1440 1328 1504 adae-

287 1527 413 1614 quauit,
426 1521 487 1619 'hoc
501 1460 770 1619 illustrioreolifr,
793 1522 875 1618 qnod
892 1523 1075 1608 expeditioni
1096 1537 1199 1586 ratae
1213 1523 1330 1610 super·

283 1609 378 1688 fuit,
409 1605 478 1668 hcet
498 1603 578 1668 nibil
588 1603 742 1690 scripserit
763 1606 923 1690 sanguem.
980 1603 1258 1690 Pupae‘qualltum
1282 1604 1330 1673 est

290 1689 426 1756 dubium
447 1686 533 1769 effe,
565 1685 595 1752 dt
619 1702 655 1751 ut
675 1689 727 1770 alii
748 1687 781 1754 id
800 1687 896 1754 sciant
918 1687 1063 1756 testatum
1076 1687 1196 1754 facere!
1223 1686 1333 1755 Unde

287 1775 378 1844 nobis
402 1772 487 1836 euim
508 1769 652 1853 potuillet
672 1770 815 1842 cunilam
836 1769 975 1838 Florum
996 1767 1103 1858 legiffe
1126 1771 1333 1839 Graecorum

289 1857 446 1936 historias,
470 1854 585 1922 &illae
602 1869 754 1938 tanquam
776 1876 797 1920 u
843 1874 896 1920 ues
920 1855 993 1920 suos
1017 1851 1166 1938 tenuiffe,
1187 1853 1242 1920 nili
1260 1869 1333 1923 tarn

289 1939 483 2008 reconditam
501 1935 741 2004 doeitinamhic
757 1955 819 2006 ven
841 1935 937 2003 itaffet
958 1937 1077 2004 nobis?
1108 1935 1173 2003 Sed
1193 1939 1266 2004 haec
1292 1960 1332 2004 ο·

204 2088 206 2096 .
289 2023 429 2090 stentario
453 2019 530 2093 vide,
547 2041 615 2102 quo
642 2020 781 2086 evaserit.
838 2017 921 2086 Non
941 2019 1050 2086 solum
1071 2021 1249 2105 importune
1279 2024 1332 2089 hic

288 2109 464 2174 inculcatus
473 2103 533 2169 fuit
541 2099 719 2185 Leonidas,
743 2103 774 2166 u
790 2103 882 2168 stulte
895 2122 973 2168 cum
994 2104 1055 2169 illo
1073 2104 1235 2170 confertur
1249 2101 1335 2172 Cal·

285 2193 415 2276 purnius
440 2187 605 2269 Flamma,
627 2185 680 2252 sed
693 2185 851 2271 pueriliter
872 2187 1107 2270 hallucinatur,
1136 2207 1214 2252 curn
1239 2184 1333 2254 Leo·

229 2323 235 2328 -
286 2275 377 2342 nidae
393 2271 516 2353 tribuit,
538 2289 618 2354 quae
633 2270 746 2336 dicitur
760 2267 964 2353 Othryades,
993 2288 1157 2355 tropaeum
1179 2269 1237 2336 suo
1259 2270 1333 2337 san·

333 2360 382 2424 ine
397 2357 529 2422 scribens
586 2351 708 2436 feciffc,
732 2372 831 2437 quem
844 2373 986 2435 errorem
1004 2353 1072 2436 jam
1094 2352 1146 2419 alii
1167 2369 1330 2422 notarunt.

328 2463 371 2506 on
387 2441 491 2506 minus
507 2402 615 2502 inianit
629 2437 808 2520 importuna
815 2439 1120 2503 commemoratione
1127 2451 1233 2520 portus
1243 2457 1332 2503 mar·

288 2525 418 2602 morei,
449 2519 598 2585 &fomis
628 2519 799 2586 Arethusae
821 2521 854 2586 in
883 2521 1044 2585 oblidione
1072 2517 1329 2604 Syracusarum:

289 2607 394 2692 Longe
407 2602 453 2666 ill·
467 2601 581 2687 triplex
595 2623 719 2685 merrus,
740 2601 865 2667 totidem
879 2625 978 2680 arces,
997 2617 1101 2687 portus
1123 2601 1173 2664 ille
1195 2623 1332 2666 narmo-

288 2712 377 2773 reur,
401 2683 442 2758 δέ
451 2686 521 2764 feru
536 2683 698 2750 celebratus
711 2684 887 2764 Arethusae.
929 2685 1017 2768 Quid
1037 2683 1089 2748 iste
1102 2682 1174 2747 fons
1196 2682 1333 2752 faciebat

289 2774 329 2840 ad
344 2774 477 2837 tutelam
493 2766 604 2832 urbis?
635 2767 725 2851 Quid
737 2787 805 2833 non
820 2769 917 2868 longe
938 2767 1003 2852 poll
1026 2764 1120 2832 insani
1141 2769 1334 2834 montes·ad

271 2856 406 2936 ,Sardos
423 2849 646 2932 vindicandos,
669 2871 752 2934 quos
767 2851 868 2934 inepte
882 2848 1026 2934 rngeffit,
1049 2863 1086 2914 ut
1100 2845 1185 2914 κᾶε
1206 2852 1334 2916 notavit

290 2935 489 3010 sarmatas?
520 2931 701 3020 Exagintut
724 2954 753 3002 a.
764 2932 937 3015 Plutarcho
956 2931 1104 3020 Hegesias
1128 2932 1161 2998 in
1183 2931 1331 2999 Alexan·

290 3025 337 3092 dri
361 3019 474 3108 Magni
497 3019 586 3098 vita,
617 3018 705 3101 quod
767 3037 845 3084 cum
866 3013 1010 3082 narraffet
1022 3016 1134 3081 eadem
1156 3013 1252 3081 node
1274 3037 1333 3082 na·

290 3123 361 3174 tum
383 3102 630 3185 Alexandrum,
669 3065 871 3185 &hphehre
900 3095 1023 3166 Dianae
1051 3103 1209 3183 templum
1231 3099 1332 3165 della·

290 3189 414 3278 guile,
444 3185 625 3268 subjecerit,
649 3185 726 3250 mini
763 3180 904 3250 eideffe
924 3181 1124 3266 mirandum,
1169 3181 1235 3248 uod
1251 3179 1334 3248 Dia·

288 3295 348 3425 nmao'
371 3263 829 3422 cussaiiiufftiirvlidgidiilssl
853 3263 1333 3436 {Ehnffliiiedepsgedicatei'iltugss

289 3407 367 3508 chus
384 3487 394 3519 ‚
424 3454 459 3504 ut
480 3436 661 3521 extinguere
675 3431 773 3518 pollet
788 3431 891 3517 ipsum
905 3433 1088 3499 incendium
1109 3431 1217 3515 illud,
1239 3431 1332 3516 quod

802 3515 1226 3666 mm

303 3631 357 3674 etr
384 3629 392 3672 ι
1206 3644 1215 3660 .

282 3691 442 3776 judicium
457 3685 615 3752 Plutarchi
637 3622 816 3751 higomeritr’)
831 3621 1000 3768 probaturi
1036 3681 1163 3747 Verum
1183 3699 1249 3745 non
1269 3682 1332 3744 rni-

284 3795 344 3842 nus
361 3770 471 3858 frigida
491 3769 533 3835 est
557 3769 707 3836 sententia
728 3767 755 3834 F
759 3767 819 3832 lori
844 3768 898 3832 lib.
924 3785 1036 3849 11,oe
1057 3813 1065 3828 .
1089 3763 1121 3830 8.
1152 3783 1231 3830 curn
1251 3763 1331 3828 inter

282 3858 425 3944 prodigia
444 3849 593 3920 retulillet
607 3850 795 3920 Cumanum
810 3848 1000 3933 Apollinem
1036 3845 1165 3930 udaile,
1195 3845 1334 3912 acutiffi·

282 3963 362 4027 rne,
392 3934 500 4010 liDiis
523 3937 649 4020 placet,
684 3935 816 4021 adjicit:
853 3933 915 3999 Sed
933 3933 988 3999 dic.
1000 3933 1138 4014 fremis
1152 3927 1241 4014 Afiae
1256 3931 1334 4016 suae

701 4080 709 4098 ,
742 4049 747 4058 ⁴
1204 4059 1212 4086 t
1270 4035 1333 4082 u·
