<?xml version="1.0" encoding="UTF-8"?>
<!DOCTYPE html PUBLIC "-//W3C//DTD XHTML 1.0 Transitional//EN"
    "http://www.w3.org/TR/xhtml1/DTD/xhtml1-transitional.dtd">
<html xmlns="http://www.w3.org/1999/xhtml" xml:lang="en" lang="en">
 <head>
  <title>
</title>
<meta http-equiv="Content-Type" content="text/html;charset=utf-8" />
  <meta name='ocr-system' content='tesseract 3.04.00' />
  <meta name='ocr-capabilities' content='ocr_page ocr_carea ocr_par ocr_line ocrx_word'/>
</head>
<body>
  <div class='ocr_page' id='page_1' title='image "./lannaeifloriepi00dukegoog_0025.png"; bbox 0 0 2850 4767; ppageno 0'>
   <div class='ocr_carea' id='block_1_1' title="bbox 416 257 1361 370">
    <p class='ocr_par' dir='ltr' id='par_1_1' title="bbox 322 191 1361 370">
     <span class='ocr_line' id='line_1_1' title="bbox 416 257 1361 370; baseline -0.027 0.467"><span class='ocrx_word' id='word_1_1' title='bbox 416 263 1145 370; x_wconf 75' lang='lat' dir='ltr'>trrrrnrro.</span> <span class='ocrx_word' id='word_1_2' title='bbox 1342 257 1361 345; x_wconf 75' lang='lat' dir='ltr'>r</span> 
     </span>
    </p>
   </div>
   <div class='ocr_carea' id='block_1_2' title="bbox 156 444 1368 3904">
    <p class='ocr_par' dir='ltr' id='par_1_2' title="bbox 156 444 1368 3904">
     <span class='ocr_line' id='line_1_2' title="bbox 268 444 1362 541; baseline 0.004 -19"><span class='ocrx_word' id='word_1_3' title='bbox 268 444 664 534; x_wconf 72' lang='lat' dir='ltr'>diir,’homuncionem</span> <span class='ocrx_word' id='word_1_4' title='bbox 698 473 774 523; x_wconf 91' lang='lat' dir='ltr'>non</span> <span class='ocrx_word' id='word_1_5' title='bbox 804 445 922 522; x_wconf 89' lang='lat' dir='ltr'>solum</span> <span class='ocrx_word' id='word_1_6' title='bbox 950 446 1142 539; x_wconf 76' lang='lat' dir='ltr'>Graevio„</span> <span class='ocrx_word' id='word_1_7' title='bbox 1192 469 1362 541; x_wconf 57' lang='lat' dir='ltr'>verum}</span> 
     </span>
     <span class='ocr_line' id='line_1_3' title="bbox 266 543 1361 718; baseline -0.004 -98"><span class='ocrx_word' id='word_1_8' title='bbox 266 544 375 620; x_wconf 85' lang='lat' dir='ltr'>etiam</span> <span class='ocrx_word' id='word_1_9' title='bbox 397 544 614 645; x_wconf 80' lang='lat' dir='ltr'><strong>scaligero,</strong></span> <span class='ocrx_word' id='word_1_10' title='bbox 648 545 807 638; x_wconf 76' lang='lat' dir='ltr'>Voffio,</span> <span class='ocrx_word' id='word_1_11' title='bbox 843 543 1047 639; x_wconf 84' lang='lat' dir='ltr'>Salmalio,</span> <span class='ocrx_word' id='word_1_12' title='bbox 1079 544 1230 718; x_wconf 48' lang='lat' dir='ltr'>aliispue</span> <span class='ocrx_word' id='word_1_13' title='bbox 1259 549 1361 622; x_wconf 72' lang='lat' dir='ltr'>Ira-2</span> 
     </span>
     <span class='ocr_line' id='line_1_4' title="bbox 267 640 1361 723; baseline -0.001 -7"><span class='ocrx_word' id='word_1_14' title='bbox 267 665 350 716; x_wconf 83' lang='lat' dir='ltr'>runt</span> <span class='ocrx_word' id='word_1_15' title='bbox 391 641 575 720; x_wconf 86' lang='lat' dir='ltr'>literarum</span> <span class='ocrx_word' id='word_1_16' title='bbox 611 645 734 720; x_wconf 90' lang='lat' dir='ltr'>Princi</span> <span class='ocrx_word' id='word_1_17' title='bbox 762 646 844 721; x_wconf 82' lang='lat' dir='ltr'>ibus</span> <span class='ocrx_word' id='word_1_18' title='bbox 869 640 992 717; x_wconf 87' lang='lat' dir='ltr'>ausum</span> <span class='ocrx_word' id='word_1_19' title='bbox 1027 640 1131 718; x_wconf 79' lang='lat' dir='ltr'>fuille</span> <span class='ocrx_word' id='word_1_20' title='bbox 1198 645 1361 723; x_wconf 64' lang='lat' dir='ltr'>arbama</span> 
     </span>
     <span class='ocr_line' id='line_1_5' title="bbox 173 671 1362 843; baseline 0.003 -29"><span class='ocrx_word' id='word_1_21' title='bbox 173 783 174 788; x_wconf 63' lang='lat'><em>=</em></span> <span class='ocrx_word' id='word_1_22' title='bbox 269 739 416 816; x_wconf 86' lang='lat' dir='ltr'>vellere.</span> <span class='ocrx_word' id='word_1_23' title='bbox 466 741 567 818; x_wconf 89' lang='lat' dir='ltr'>Nam</span> <span class='ocrx_word' id='word_1_24' title='bbox 593 767 706 843; x_wconf 89' lang='lat' dir='ltr'>quum</span> <span class='ocrx_word' id='word_1_25' title='bbox 736 671 781 817; x_wconf 76' lang='lat' dir='ltr'>li</span> <span class='ocrx_word' id='word_1_26' title='bbox 807 741 908 817; x_wconf 87' lang='lat' dir='ltr'>Flori</span> <span class='ocrx_word' id='word_1_27' title='bbox 933 739 1128 816; x_wconf 72' lang='lat' dir='ltr'>didilonem</span> <span class='ocrx_word' id='word_1_28' title='bbox 1156 743 1195 818; x_wconf 69' lang='grc' dir='ltr'>ὃ(</span> <span class='ocrx_word' id='word_1_29' title='bbox 1215 745 1362 842; x_wconf 63' lang='lat' dir='ltr'>judi-2</span> 
     </span>
     <span class='ocr_line' id='line_1_6' title="bbox 267 837 1362 940; baseline 0.006 -28"><span class='ocrx_word' id='word_1_30' title='bbox 267 839 367 912; x_wconf 87' lang='lat' dir='ltr'>cium</span> <span class='ocrx_word' id='word_1_31' title='bbox 394 837 520 914; x_wconf 84' lang='lat' dir='ltr'>multis</span> <span class='ocrx_word' id='word_1_32' title='bbox 557 841 648 916; x_wconf 88' lang='lat' dir='ltr'>locis</span> <span class='ocrx_word' id='word_1_33' title='bbox 676 839 848 917; x_wconf 86' lang='lat' dir='ltr'>consensu</span> <span class='ocrx_word' id='word_1_34' title='bbox 875 837 1076 929; x_wconf 86' lang='lat' dir='ltr'>damnent,</span> <span class='ocrx_word' id='word_1_35' title='bbox 1109 839 1285 940; x_wconf 84' lang='lat' dir='ltr'>idemque</span> <span class='ocrx_word' id='word_1_36' title='bbox 1320 893 1362 940; x_wconf 52' lang='lat'>,.&lt;</span> 
     </span>
     <span class='ocr_line' id='line_1_7' title="bbox 267 933 1364 1035; baseline 0.009 -25"><span class='ocrx_word' id='word_1_37' title='bbox 267 933 367 1035; x_wconf 87' lang='lat' dir='ltr'>quod</span> <span class='ocrx_word' id='word_1_38' title='bbox 386 937 589 1034; x_wconf 83' lang='lat' dir='ltr'>Graevius,</span> <span class='ocrx_word' id='word_1_39' title='bbox 614 940 659 1015; x_wconf 93' lang='lat' dir='ltr'>de</span> <span class='ocrx_word' id='word_1_40' title='bbox 677 963 723 1016; x_wconf 87' lang='lat' dir='ltr'>eo</span> <span class='ocrx_word' id='word_1_41' title='bbox 738 940 889 1016; x_wconf 81' lang='lat' dir='ltr'>sentiant</span> <span class='ocrx_word' id='word_1_42' title='bbox 907 971 933 1030; x_wconf 90' lang='lat'>,·</span> <span class='ocrx_word' id='word_1_43' title='bbox 954 937 1042 1014; x_wconf 87' lang='lat' dir='ltr'>dum</span> <span class='ocrx_word' id='word_1_44' title='bbox 1062 939 1148 1016; x_wconf 93' lang='lat' dir='ltr'>huic</span> <span class='ocrx_word' id='word_1_45' title='bbox 1173 938 1224 1013; x_wconf 91' lang='lat' dir='ltr'>ob</span> <span class='ocrx_word' id='word_1_46' title='bbox 1241 965 1338 1018; x_wconf 80' lang='lat' dir='ltr'>earn</span> <span class='ocrx_word' id='word_1_47' title='bbox 1353 972 1364 1019; x_wconf 86' lang='lat'>·:</span> 
     </span>
     <span class='ocr_line' id='line_1_8' title="bbox 269 1033 1364 1140; baseline 0.012 -34"><span class='ocrx_word' id='word_1_48' title='bbox 269 1033 408 1110; x_wconf 84' lang='lat' dir='ltr'>causam</span> <span class='ocrx_word' id='word_1_49' title='bbox 434 1034 598 1128; x_wconf 88' lang='lat' dir='ltr'>insultat,</span> <span class='ocrx_word' id='word_1_50' title='bbox 623 1060 780 1140; x_wconf 87' lang='lat' dir='ltr'>eumque</span> <span class='ocrx_word' id='word_1_51' title='bbox 804 1039 1060 1136; x_wconf 81' lang='lat' dir='ltr'>arrogantiae,</span> <span class='ocrx_word' id='word_1_52' title='bbox 1086 1039 1337 1133; x_wconf 84' lang='lat' dir='ltr'>temeritatis,</span> <span class='ocrx_word' id='word_1_53' title='bbox 1357 1080 1364 1119; x_wconf 90' lang='lat'>.·</span> 
     </span>
     <span class='ocr_line' id='line_1_9' title="bbox 156 1131 1364 1240; baseline 0.007 -35"><span class='ocrx_word' id='word_1_54' title='bbox 156 1217 160 1224; x_wconf 26' lang='lat'><strong>¹</strong></span> <span class='ocrx_word' id='word_1_55' title='bbox 270 1131 310 1206; x_wconf 89' lang='lat'>&amp;</span> <span class='ocrx_word' id='word_1_56' title='bbox 327 1132 527 1209; x_wconf 89' lang='lat' dir='ltr'>calumniae</span> <span class='ocrx_word' id='word_1_57' title='bbox 542 1161 644 1212; x_wconf 91' lang='lat' dir='ltr'>reum</span> <span class='ocrx_word' id='word_1_58' title='bbox 663 1139 764 1240; x_wconf 85' lang='lat' dir='ltr'>agit,</span> <span class='ocrx_word' id='word_1_59' title='bbox 789 1139 899 1211; x_wconf 86' lang='lat' dir='ltr'>etiam</span> <span class='ocrx_word' id='word_1_60' title='bbox 915 1135 998 1210; x_wconf 86' lang='lat' dir='ltr'>illos</span> <span class='ocrx_word' id='word_1_61' title='bbox 1014 1134 1142 1210; x_wconf 86' lang='lat' dir='ltr'>eodem</span> <span class='ocrx_word' id='word_1_62' title='bbox 1161 1137 1364 1220; x_wconf 76' lang='lat' dir='ltr'>locoha·;</span> 
     </span>
     <span class='ocr_line' id='line_1_10' title="bbox 266 1229 1363 1347; baseline 0.009 -43"><span class='ocrx_word' id='word_1_63' title='bbox 266 1229 353 1319; x_wconf 88' lang='lat' dir='ltr'>bet,</span> <span class='ocrx_word' id='word_1_64' title='bbox 381 1232 419 1306; x_wconf 80' lang='lat' dir='ltr'>dt</span> <span class='ocrx_word' id='word_1_65' title='bbox 440 1255 505 1347; x_wconf 82' lang='lat' dir='ltr'>per</span> <span class='ocrx_word' id='word_1_66' title='bbox 529 1237 679 1312; x_wconf 84' lang='lat' dir='ltr'>Graevii</span> <span class='ocrx_word' id='word_1_67' title='bbox 705 1237 804 1311; x_wconf 84' lang='lat' dir='ltr'>latus¹</span> <span class='ocrx_word' id='word_1_68' title='bbox 817 1235 923 1333; x_wconf 88' lang='lat' dir='ltr'>petit.</span> <span class='ocrx_word' id='word_1_69' title='bbox 972 1235 1059 1308; x_wconf 87' lang='lat' dir='ltr'>Nec</span> <span class='ocrx_word' id='word_1_70' title='bbox 1085 1235 1209 1330; x_wconf 84' lang='lat' dir='ltr'>juvant</span> <span class='ocrx_word' id='word_1_71' title='bbox 1234 1251 1363 1320; x_wconf 64' lang='lat' dir='ltr'>eum?</span> 
     </span>
     <span class='ocr_line' id='line_1_11' title="bbox 266 1327 1365 1434; baseline 0.007 -30"><span class='ocrx_word' id='word_1_72' title='bbox 266 1327 475 1414; x_wconf 72' lang='lat' dir='ltr'>testimonia</span> <span class='ocrx_word' id='word_1_73' title='bbox 515 1333 694 1410; x_wconf 86' lang='lat' dir='ltr'>Virorum</span> <span class='ocrx_word' id='word_1_74' title='bbox 732 1331 939 1408; x_wconf 70' lang='lat' dir='ltr'>Dodtorum</span> <span class='ocrx_word' id='word_1_75' title='bbox 982 1333 1096 1407; x_wconf 89' lang='lat' dir='ltr'>Floro</span> <span class='ocrx_word' id='word_1_76' title='bbox 1135 1333 1365 1434; x_wconf 71' lang='lat' dir='ltr'>judicium3</span> 
     </span>
     <span class='ocr_line' id='line_1_12' title="bbox 266 1427 1363 1530; baseline 0.006 -30"><span class='ocrx_word' id='word_1_77' title='bbox 266 1427 541 1520; x_wconf 82' lang='lat' dir='ltr'>tribuentium,</span> <span class='ocrx_word' id='word_1_78' title='bbox 586 1433 625 1508; x_wconf 80' lang='lat' dir='ltr'>dt</span> <span class='ocrx_word' id='word_1_79' title='bbox 666 1429 787 1506; x_wconf 89' lang='lat' dir='ltr'>stilum</span> <span class='ocrx_word' id='word_1_80' title='bbox 828 1433 907 1506; x_wconf 80' lang='lat' dir='ltr'>e&#39;ut</span> <span class='ocrx_word' id='word_1_81' title='bbox 948 1451 1131 1530; x_wconf 84' lang='lat' dir='ltr'>tamquam</span> <span class='ocrx_word' id='word_1_82' title='bbox 1174 1432 1363 1529; x_wconf 77' lang='lat' dir='ltr'>elegam--</span> 
     </span>
     <span class='ocr_line' id='line_1_13' title="bbox 269 1458 1337 1625; baseline 0.004 -22"><span class='ocrx_word' id='word_1_83' title='bbox 269 1547 367 1622; x_wconf 86' lang='lat' dir='ltr'>tem,</span> <span class='ocrx_word' id='word_1_84' title='bbox 390 1526 585 1625; x_wconf 86' lang='lat' dir='ltr'>disertum,</span> <span class='ocrx_word' id='word_1_85' title='bbox 612 1530 651 1606; x_wconf 80' lang='lat' dir='ltr'>dt</span> <span class='ocrx_word' id='word_1_86' title='bbox 675 1549 824 1605; x_wconf 83' lang='lat' dir='ltr'>acutum</span> <span class='ocrx_word' id='word_1_87' title='bbox 843 1458 1079 1605; x_wconf 88' lang='lat' dir='ltr'>laudantium.</span> <span class='ocrx_word' id='word_1_88' title='bbox 1130 1531 1231 1604; x_wconf 87' lang='lat' dir='ltr'>Nam</span> <span class='ocrx_word' id='word_1_89' title='bbox 1249 1531 1337 1607; x_wconf 92' lang='lat' dir='ltr'>hoc</span> 
     </span>
     <span class='ocr_line' id='line_1_14' title="bbox 267 1625 1365 1729; baseline 0.005 -29"><span class='ocrx_word' id='word_1_90' title='bbox 267 1628 326 1700; x_wconf 91' lang='lat' dir='ltr'>uti</span> <span class='ocrx_word' id='word_1_91' title='bbox 360 1625 407 1698; x_wconf 94' lang='lat' dir='ltr'>de</span> <span class='ocrx_word' id='word_1_92' title='bbox 439 1628 654 1727; x_wconf 84' lang='lat' dir='ltr'>quibusdam</span> <span class='ocrx_word' id='word_1_93' title='bbox 689 1629 781 1703; x_wconf 86' lang='lat' dir='ltr'>locis</span> <span class='ocrx_word' id='word_1_94' title='bbox 816 1629 925 1729; x_wconf 87' lang='lat' dir='ltr'>hujus</span> <span class='ocrx_word' id='word_1_95' title='bbox 959 1626 1152 1724; x_wconf 88' lang='lat' dir='ltr'>Epitomes</span> <span class='ocrx_word' id='word_1_96' title='bbox 1193 1651 1365 1721; x_wconf 63' lang='lat' dir='ltr'>verum7</span> 
     </span>
     <span class='ocr_line' id='line_1_15' title="bbox 188 1721 1365 1828; baseline 0.004 -33"><span class='ocrx_word' id='word_1_97' title='bbox 188 1735 191 1744; x_wconf 89' lang='lat'>&#39;</span> <span class='ocrx_word' id='word_1_98' title='bbox 267 1721 339 1796; x_wconf 84' lang='lat' dir='ltr'>elle</span> <span class='ocrx_word' id='word_1_99' title='bbox 362 1747 470 1799; x_wconf 86' lang='lat' dir='ltr'>nemo</span> <span class='ocrx_word' id='word_1_100' title='bbox 497 1749 636 1828; x_wconf 76' lang='lat' dir='ltr'>negat,</span> <span class='ocrx_word' id='word_1_101' title='bbox 671 1729 724 1802; x_wconf 85' lang='lat' dir='ltr'>ita</span> <span class='ocrx_word' id='word_1_102' title='bbox 749 1751 827 1803; x_wconf 91' lang='lat' dir='ltr'>non</span> <span class='ocrx_word' id='word_1_103' title='bbox 849 1726 895 1801; x_wconf 90' lang='lat' dir='ltr'>ad</span> <span class='ocrx_word' id='word_1_104' title='bbox 920 1728 1043 1800; x_wconf 89' lang='lat' dir='ltr'>omnia</span> <span class='ocrx_word' id='word_1_105' title='bbox 1074 1725 1228 1824; x_wconf 91' lang='lat' dir='ltr'>produci</span> <span class='ocrx_word' id='word_1_106' title='bbox 1256 1726 1335 1800; x_wconf 87' lang='lat' dir='ltr'>de·</span> <span class='ocrx_word' id='word_1_107' title='bbox 1360 1777 1365 1821; x_wconf 60' lang='lat'>3</span> 
     </span>
     <span class='ocr_line' id='line_1_16' title="bbox 266 1820 1362 1926; baseline 0.005 -31"><span class='ocrx_word' id='word_1_108' title='bbox 266 1820 352 1896; x_wconf 88' lang='lat' dir='ltr'>bet:</span> <span class='ocrx_word' id='word_1_109' title='bbox 379 1845 493 1921; x_wconf 88' lang='lat' dir='ltr'>quum</span> <span class='ocrx_word' id='word_1_110' title='bbox 522 1826 633 1902; x_wconf 87' lang='lat' dir='ltr'>iidem</span> <span class='ocrx_word' id='word_1_111' title='bbox 651 1825 705 1902; x_wconf 90' lang='lat' dir='ltr'>illi</span> <span class='ocrx_word' id='word_1_112' title='bbox 727 1880 738 1917; x_wconf 93' lang='lat'>,</span> <span class='ocrx_word' id='word_1_113' title='bbox 783 1827 847 1926; x_wconf 91' lang='lat' dir='ltr'>qui</span> <span class='ocrx_word' id='word_1_114' title='bbox 872 1826 1027 1900; x_wconf 83' lang='lat' dir='ltr'>virtutes</span> <span class='ocrx_word' id='word_1_115' title='bbox 1053 1821 1221 1922; x_wconf 83' lang='lat' dir='ltr'>quasdam</span> <span class='ocrx_word' id='word_1_116' title='bbox 1250 1824 1335 1901; x_wconf 88' lang='lat' dir='ltr'>stili</span> <span class='ocrx_word' id='word_1_117' title='bbox 1358 1908 1362 1915; x_wconf 21' lang='lat'>4</span> 
     </span>
     <span class='ocr_line' id='line_1_17' title="bbox 267 1917 1366 2016; baseline -0.004 -21"><span class='ocrx_word' id='word_1_118' title='bbox 267 1917 431 1995; x_wconf 87' lang='lat' dir='ltr'>Floriani</span> <span class='ocrx_word' id='word_1_119' title='bbox 449 1920 614 2016; x_wconf 87' lang='lat' dir='ltr'>laudant,</span> <span class='ocrx_word' id='word_1_120' title='bbox 638 1950 722 2000; x_wconf 90' lang='lat' dir='ltr'>eum</span> <span class='ocrx_word' id='word_1_121' title='bbox 748 1925 793 2000; x_wconf 90' lang='lat' dir='ltr'>ad</span> <span class='ocrx_word' id='word_1_122' title='bbox 818 1922 1116 1998; x_wconf 85' lang='lat' dir='ltr'>declamatorium</span> <span class='ocrx_word' id='word_1_123' title='bbox 1141 1921 1335 1998; x_wconf 87' lang='lat' dir='ltr'>scribendi</span> <span class='ocrx_word' id='word_1_124' title='bbox 1364 1982 1366 1991; x_wconf 19' lang='grc' dir='ltr'><em>Α</em></span> 
     </span>
     <span class='ocr_line' id='line_1_18' title="bbox 268 2017 1367 2124; baseline 0.004 -33"><span class='ocrx_word' id='word_1_125' title='bbox 268 2039 385 2115; x_wconf 84' lang='lat' dir='ltr'>genus</span> <span class='ocrx_word' id='word_1_126' title='bbox 401 2017 577 2118; x_wconf 82' lang='lat' dir='ltr'>referant,</span> <span class='ocrx_word' id='word_1_127' title='bbox 600 2025 639 2100; x_wconf 86' lang='lat'>&amp;</span> <span class='ocrx_word' id='word_1_128' title='bbox 656 2020 1048 2124; x_wconf 75' lang='lat' dir='ltr'>putidaadfedlatione,</span> <span class='ocrx_word' id='word_1_129' title='bbox 1075 2024 1334 2119; x_wconf 67' lang='lat' dir='ltr'>tumorepod·</span> <span class='ocrx_word' id='word_1_130' title='bbox 1364 2017 1367 2119; x_wconf 57' lang='lat'>[</span> 
     </span>
     <span class='ocr_line' id='line_1_19' title="bbox 267 2111 1368 2217; baseline 0.005 -30"><span class='ocrx_word' id='word_1_131' title='bbox 267 2115 383 2210; x_wconf 87' lang='lat' dir='ltr'>tico,</span> <span class='ocrx_word' id='word_1_132' title='bbox 416 2119 650 2197; x_wconf 84' lang='lat' dir='ltr'>audaciffimis</span> <span class='ocrx_word' id='word_1_133' title='bbox 682 2111 1004 2208; x_wconf 80' lang='lat' dir='ltr'>transsationibus,</span> <span class='ocrx_word' id='word_1_134' title='bbox 1045 2117 1196 2217; x_wconf 85' lang='lat' dir='ltr'>aliisque</span> <span class='ocrx_word' id='word_1_135' title='bbox 1220 2120 1334 2196; x_wconf 79' lang='lat' dir='ltr'>vitiis</span> <span class='ocrx_word' id='word_1_136' title='bbox 1363 2180 1368 2193; x_wconf 88' lang='lat'>.</span> 
     </span>
     <span class='ocr_line' id='line_1_20' title="bbox 269 2211 1367 2320; baseline 0.005 -34"><span class='ocrx_word' id='word_1_137' title='bbox 269 2211 433 2289; x_wconf 87' lang='lat' dir='ltr'>laborare</span> <span class='ocrx_word' id='word_1_138' title='bbox 457 2216 677 2309; x_wconf 81' lang='lat' dir='ltr'>osteddant,</span> <span class='ocrx_word' id='word_1_139' title='bbox 703 2243 794 2320; x_wconf 87' lang='lat' dir='ltr'>quae</span> <span class='ocrx_word' id='word_1_140' title='bbox 820 2219 1013 2317; x_wconf 83' lang='lat' dir='ltr'>Begerus,</span> <span class='ocrx_word' id='word_1_141' title='bbox 1046 2214 1175 2290; x_wconf 89' lang='lat' dir='ltr'>melior</span> <span class='ocrx_word' id='word_1_142' title='bbox 1197 2221 1335 2291; x_wconf 87' lang='lat' dir='ltr'>omni·</span> <span class='ocrx_word' id='word_1_143' title='bbox 1366 2214 1367 2291; x_wconf 76' lang='lat' dir='ltr'><strong>j</strong></span> 
     </span>
     <span class='ocr_line' id='line_1_21' title="bbox 267 2309 1332 2420; baseline 0.006 -34"><span class='ocrx_word' id='word_1_144' title='bbox 267 2309 336 2386; x_wconf 89' lang='lat' dir='ltr'>bus</span> <span class='ocrx_word' id='word_1_145' title='bbox 354 2314 451 2406; x_wconf 83' lang='lat' dir='ltr'>aliis,</span> <span class='ocrx_word' id='word_1_146' title='bbox 480 2315 578 2394; x_wconf 84' lang='lat' dir='ltr'>fidis</span> <span class='ocrx_word' id='word_1_147' title='bbox 595 2321 748 2420; x_wconf 85' lang='lat' dir='ltr'>placet,</span> <span class='ocrx_word' id='word_1_148' title='bbox 784 2319 967 2391; x_wconf 87' lang='lat' dir='ltr'>virtutum</span> <span class='ocrx_word' id='word_1_149' title='bbox 991 2339 1035 2388; x_wconf 88' lang='lat' dir='ltr'>ac</span> <span class='ocrx_word' id='word_1_150' title='bbox 1051 2315 1224 2387; x_wconf 89' lang='lat' dir='ltr'>vitiorum</span> <span class='ocrx_word' id='word_1_151' title='bbox 1249 2314 1332 2392; x_wconf 88' lang='lat' dir='ltr'>stili</span> 
     </span>
     <span class='ocr_line' id='line_1_22' title="bbox 194 2409 1333 2515; baseline 0.007 -33"><span class='ocrx_word' id='word_1_152' title='bbox 194 2428 201 2438; x_wconf 62' lang='lat'><em>⁴</em></span> <span class='ocrx_word' id='word_1_153' title='bbox 265 2409 406 2513; x_wconf 84' lang='lat' dir='ltr'>judex,</span> <span class='ocrx_word' id='word_1_154' title='bbox 434 2414 532 2491; x_wconf 85' lang='lat' dir='ltr'>nulla</span> <span class='ocrx_word' id='word_1_155' title='bbox 550 2419 587 2492; x_wconf 93' lang='lat' dir='ltr'>in</span> <span class='ocrx_word' id='word_1_156' title='bbox 604 2442 648 2491; x_wconf 90' lang='lat' dir='ltr'>eo</span> <span class='ocrx_word' id='word_1_157' title='bbox 674 2413 850 2515; x_wconf 87' lang='lat' dir='ltr'>agnoscit.</span> <span class='ocrx_word' id='word_1_158' title='bbox 899 2413 959 2489; x_wconf 92' lang='lat' dir='ltr'>Ut</span> <span class='ocrx_word' id='word_1_159' title='bbox 987 2434 1107 2487; x_wconf 87' lang='lat' dir='ltr'>tamen</span> <span class='ocrx_word' id='word_1_160' title='bbox 1133 2410 1333 2490; x_wconf 73' lang='lat' dir='ltr'>certissima</span> 
     </span>
     <span class='ocr_line' id='line_1_23' title="bbox 266 2509 1329 2609; baseline 0.001 -25"><span class='ocrx_word' id='word_1_161' title='bbox 266 2509 465 2584; x_wconf 80' lang='lat' dir='ltr'>rationein</span> <span class='ocrx_word' id='word_1_162' title='bbox 484 2511 564 2588; x_wconf 89' lang='lat' dir='ltr'>stilo</span> <span class='ocrx_word' id='word_1_163' title='bbox 584 2515 685 2588; x_wconf 87' lang='lat' dir='ltr'>Flori</span> <span class='ocrx_word' id='word_1_164' title='bbox 710 2510 938 2587; x_wconf 86' lang='lat' dir='ltr'>defendendo</span> <span class='ocrx_word' id='word_1_165' title='bbox 962 2513 1031 2586; x_wconf 87' lang='lat' dir='ltr'>niti</span> <span class='ocrx_word' id='word_1_166' title='bbox 1057 2512 1223 2600; x_wconf 84' lang='lat' dir='ltr'>videtur,</span> <span class='ocrx_word' id='word_1_167' title='bbox 1250 2537 1329 2609; x_wconf 87' lang='lat' dir='ltr'>pro</span> 
     </span>
     <span class='ocr_line' id='line_1_24' title="bbox 271 2610 1330 2708; baseline 0.001 -28"><span class='ocrx_word' id='word_1_168' title='bbox 271 2630 312 2680; x_wconf 86' lang='lat' dir='ltr'>re</span> <span class='ocrx_word' id='word_1_169' title='bbox 332 2610 517 2704; x_wconf 83' lang='lat' dir='ltr'>maxima,</span> <span class='ocrx_word' id='word_1_170' title='bbox 544 2613 583 2687; x_wconf 81' lang='lat' dir='ltr'>dc</span> <span class='ocrx_word' id='word_1_171' title='bbox 602 2612 829 2708; x_wconf 79' lang='lat' dir='ltr'>adjudicium</span> <span class='ocrx_word' id='word_1_172' title='bbox 845 2610 1052 2706; x_wconf 85' lang='lat' dir='ltr'>defoecatum</span> <span class='ocrx_word' id='word_1_173' title='bbox 1071 2630 1233 2707; x_wconf 83' lang='lat' dir='ltr'>perquam</span> <span class='ocrx_word' id='word_1_174' title='bbox 1260 2635 1330 2681; x_wconf 86' lang='lat' dir='ltr'>ne·</span> 
     </span>
     <span class='ocr_line' id='line_1_25' title="bbox 270 2705 1334 2807; baseline 0 -29"><span class='ocrx_word' id='word_1_175' title='bbox 270 2705 435 2798; x_wconf 78' lang='lat' dir='ltr'>ceffaria,</span> <span class='ocrx_word' id='word_1_176' title='bbox 459 2723 499 2780; x_wconf 85' lang='lat' dir='ltr'>ut</span> <span class='ocrx_word' id='word_1_177' title='bbox 516 2713 657 2806; x_wconf 82' lang='lat' dir='ltr'>quilibet</span> <span class='ocrx_word' id='word_1_178' title='bbox 684 2735 758 2784; x_wconf 84' lang='lat' dir='ltr'>cum</span> <span class='ocrx_word' id='word_1_179' title='bbox 778 2710 900 2807; x_wconf 77' lang='lat' dir='ltr'>fratta</span> <span class='ocrx_word' id='word_1_180' title='bbox 919 2709 1016 2802; x_wconf 82' lang='lat' dir='ltr'>poffit</span> <span class='ocrx_word' id='word_1_181' title='bbox 1043 2709 1176 2806; x_wconf 78' lang='lat' dir='ltr'>legi&amp;</span> <span class='ocrx_word' id='word_1_182' title='bbox 1200 2713 1334 2780; x_wconf 81' lang='lat' dir='ltr'>imita-</span> 
     </span>
     <span class='ocr_line' id='line_1_26' title="bbox 271 2806 1332 2899; baseline 0.001 -21"><span class='ocrx_word' id='word_1_183' title='bbox 271 2806 361 2878; x_wconf 84' lang='lat' dir='ltr'>tione</span> <span class='ocrx_word' id='word_1_184' title='bbox 379 2810 543 2899; x_wconf 78' lang='lat' dir='ltr'>exprimi,</span> <span class='ocrx_word' id='word_1_185' title='bbox 568 2807 701 2897; x_wconf 86' lang='lat' dir='ltr'>docet,</span> <span class='ocrx_word' id='word_1_186' title='bbox 729 2811 877 2883; x_wconf 85' lang='lat' dir='ltr'>Criticos</span> <span class='ocrx_word' id='word_1_187' title='bbox 901 2832 965 2881; x_wconf 84' lang='lat' dir='ltr'>narr</span> <span class='ocrx_word' id='word_1_188' title='bbox 990 2807 1039 2879; x_wconf 92' lang='lat' dir='ltr'>ad</span> <span class='ocrx_word' id='word_1_189' title='bbox 1063 2831 1165 2881; x_wconf 86' lang='lat' dir='ltr'>unum</span> <span class='ocrx_word' id='word_1_190' title='bbox 1189 2808 1332 2879; x_wconf 85' lang='lat' dir='ltr'>dicendi</span> 
     </span>
     <span class='ocr_line' id='line_1_27' title="bbox 266 2905 1331 3004; baseline 0.004 -30"><span class='ocrx_word' id='word_1_191' title='bbox 266 2925 371 3002; x_wconf 83' lang='lat' dir='ltr'>genus</span> <span class='ocrx_word' id='word_1_192' title='bbox 390 2905 576 3000; x_wconf 82' lang='lat' dir='ltr'>Scriptores</span> <span class='ocrx_word' id='word_1_193' title='bbox 594 2905 819 3004; x_wconf 75' lang='lat' dir='ltr'>quoscunque,</span> <span class='ocrx_word' id='word_1_194' title='bbox 835 2906 902 3004; x_wconf 88' lang='lat' dir='ltr'>sed</span> <span class='ocrx_word' id='word_1_195' title='bbox 916 2907 964 2978; x_wconf 85' lang='lat' dir='ltr'>ad</span> <span class='ocrx_word' id='word_1_196' title='bbox 986 2909 1120 3003; x_wconf 84' lang='lat' dir='ltr'>genium</span> <span class='ocrx_word' id='word_1_197' title='bbox 1139 2907 1232 3000; x_wconf 84' lang='lat' dir='ltr'>ejus,</span> <span class='ocrx_word' id='word_1_198' title='bbox 1259 2931 1331 3000; x_wconf 89' lang='lat' dir='ltr'>quo</span> 
     </span>
     <span class='ocr_line' id='line_1_28' title="bbox 270 3003 1333 3102; baseline -0.002 -26"><span class='ocrx_word' id='word_1_199' title='bbox 270 3003 413 3100; x_wconf 84' lang='lat' dir='ltr'>quilibet</span> <span class='ocrx_word' id='word_1_200' title='bbox 439 3009 574 3100; x_wconf 87' lang='lat' dir='ltr'>utitur,</span> <span class='ocrx_word' id='word_1_201' title='bbox 598 3010 727 3100; x_wconf 77' lang='lat' dir='ltr'>exigere</span> <span class='ocrx_word' id='word_1_202' title='bbox 743 3007 881 3095; x_wconf 85' lang='lat' dir='ltr'>debere,</span> <span class='ocrx_word' id='word_1_203' title='bbox 902 3009 1076 3102; x_wconf 86' lang='lat' dir='ltr'>primoque</span> <span class='ocrx_word' id='word_1_204' title='bbox 1096 3009 1240 3077; x_wconf 85' lang='lat' dir='ltr'>amnium</span> <span class='ocrx_word' id='word_1_205' title='bbox 1265 3007 1333 3075; x_wconf 84' lang='lat' dir='ltr'>im·</span> 
     </span>
     <span class='ocr_line' id='line_1_29' title="bbox 269 3101 1332 3201; baseline 0 -27"><span class='ocrx_word' id='word_1_206' title='bbox 269 3101 470 3201; x_wconf 80' lang='lat' dir='ltr'>quirendum</span> <span class='ocrx_word' id='word_1_207' title='bbox 488 3106 548 3198; x_wconf 82' lang='lat' dir='ltr'>effe</span> <span class='ocrx_word' id='word_1_208' title='bbox 566 3129 612 3178; x_wconf 85' lang='lat' dir='ltr'>arr</span> <span class='ocrx_word' id='word_1_209' title='bbox 630 3105 795 3179; x_wconf 83' lang='lat' dir='ltr'>Rhetor?</span> <span class='ocrx_word' id='word_1_210' title='bbox 819 3129 866 3178; x_wconf 86' lang='lat' dir='ltr'>an</span> <span class='ocrx_word' id='word_1_211' title='bbox 892 3101 1083 3197; x_wconf 84' lang='lat' dir='ltr'>Historicus</span> <span class='ocrx_word' id='word_1_212' title='bbox 1105 3103 1125 3174; x_wconf 73' lang='lat'><em>2</em></span> <span class='ocrx_word' id='word_1_213' title='bbox 1159 3127 1204 3175; x_wconf 84' lang='lat' dir='ltr'>aa</span> <span class='ocrx_word' id='word_1_214' title='bbox 1229 3103 1332 3174; x_wconf 83' lang='lat' dir='ltr'>Po&#39;e‘·</span> 
     </span>
     <span class='ocr_line' id='line_1_30' title="bbox 270 3195 1332 3300; baseline -0.004 -24"><span class='ocrx_word' id='word_1_215' title='bbox 270 3195 342 3279; x_wconf 83' lang='lat' dir='ltr'>ta?</span> <span class='ocrx_word' id='word_1_216' title='bbox 365 3222 410 3278; x_wconf 75' lang='lat' dir='ltr'>aa</span> <span class='ocrx_word' id='word_1_217' title='bbox 426 3229 467 3285; x_wconf 78' lang='lat' dir='ltr'>ex</span> <span class='ocrx_word' id='word_1_218' title='bbox 485 3206 539 3278; x_wconf 89' lang='lat' dir='ltr'>his</span> <span class='ocrx_word' id='word_1_219' title='bbox 557 3207 684 3277; x_wconf 83' lang='lat' dir='ltr'>mixtus</span> <span class='ocrx_word' id='word_1_220' title='bbox 694 3203 772 3298; x_wconf 76' lang='lat' dir='ltr'>ſse?</span> <span class='ocrx_word' id='word_1_221' title='bbox 800 3204 871 3279; x_wconf 88' lang='lat' dir='ltr'>Sed</span> <span class='ocrx_word' id='word_1_222' title='bbox 892 3208 972 3300; x_wconf 87' lang='lat' dir='ltr'>quis</span> <span class='ocrx_word' id='word_1_223' title='bbox 987 3201 1040 3274; x_wconf 84' lang='lat' dir='ltr'>est</span> <span class='ocrx_word' id='word_1_224' title='bbox 1069 3200 1296 3276; x_wconf 91' lang='lat' dir='ltr'>Criticorum</span> <span class='ocrx_word' id='word_1_225' title='bbox 1312 3253 1332 3294; x_wconf 83' lang='lat'>‚</span> 
     </span>
     <span class='ocr_line' id='line_1_31' title="bbox 271 3297 1332 3405; baseline -0.004 -31"><span class='ocrx_word' id='word_1_226' title='bbox 271 3297 336 3405; x_wconf 87' lang='lat' dir='ltr'>qui</span> <span class='ocrx_word' id='word_1_227' title='bbox 357 3297 443 3388; x_wconf 84' lang='lat' dir='ltr'>baec</span> <span class='ocrx_word' id='word_1_228' title='bbox 470 3328 543 3385; x_wconf 91' lang='lat' dir='ltr'>non</span> <span class='ocrx_word' id='word_1_229' title='bbox 561 3301 812 3400; x_wconf 84' lang='lat' dir='ltr'>distinguenda</span> <span class='ocrx_word' id='word_1_230' title='bbox 835 3301 972 3397; x_wconf 75' lang='lat' dir='ltr'>putet?</span> <span class='ocrx_word' id='word_1_231' title='bbox 998 3321 1061 3374; x_wconf 88' lang='lat' dir='ltr'>aut</span> <span class='ocrx_word' id='word_1_232' title='bbox 1085 3323 1159 3372; x_wconf 89' lang='lat' dir='ltr'>non</span> <span class='ocrx_word' id='word_1_233' title='bbox 1185 3323 1332 3397; x_wconf 89' lang='lat' dir='ltr'>aeque,</span> 
     </span>
     <span class='ocr_line' id='line_1_32' title="bbox 271 3393 1334 3500; baseline -0.01 -22"><span class='ocrx_word' id='word_1_234' title='bbox 271 3426 314 3478; x_wconf 79' lang='lat' dir='ltr'>ac</span> <span class='ocrx_word' id='word_1_235' title='bbox 335 3393 515 3500; x_wconf 73' lang='lat' dir='ltr'>Begerus,</span> <span class='ocrx_word' id='word_1_236' title='bbox 540 3401 651 3496; x_wconf 87' lang='lat' dir='ltr'>sciat,</span> <span class='ocrx_word' id='word_1_237' title='bbox 675 3405 776 3494; x_wconf 87' lang='lat' dir='ltr'>plura</span> <span class='ocrx_word' id='word_1_238' title='bbox 794 3403 855 3498; x_wconf 86' lang='lat' dir='ltr'>effe</span> <span class='ocrx_word' id='word_1_239' title='bbox 872 3401 1078 3472; x_wconf 77' lang='lat' dir='ltr'>Orationem</span> <span class='ocrx_word' id='word_1_240' title='bbox 1089 3423 1235 3495; x_wconf 85' lang='lat' dir='ltr'>genera,</span> <span class='ocrx_word' id='word_1_241' title='bbox 1263 3421 1334 3468; x_wconf 81' lang='lat' dir='ltr'>ea-</span> 
     </span>
     <span class='ocr_line' id='line_1_33' title="bbox 272 3499 1331 3608; baseline -0.014 -26"><span class='ocrx_word' id='word_1_242' title='bbox 272 3533 333 3608; x_wconf 78' lang='lat' dir='ltr'>que</span> <span class='ocrx_word' id='word_1_243' title='bbox 351 3507 519 3602; x_wconf 81' lang='lat' dir='ltr'>diversa,</span> <span class='ocrx_word' id='word_1_244' title='bbox 552 3528 653 3600; x_wconf 82' lang='lat' dir='ltr'>aeque</span> <span class='ocrx_word' id='word_1_245' title='bbox 680 3505 717 3575; x_wconf 86' lang='lat' dir='ltr'>ia</span> <span class='ocrx_word' id='word_1_246' title='bbox 735 3525 838 3576; x_wconf 84' lang='lat' dir='ltr'>unam</span> <span class='ocrx_word' id='word_1_247' title='bbox 856 3499 1009 3596; x_wconf 88' lang='lat' dir='ltr'>formam</span> <span class='ocrx_word' id='word_1_248' title='bbox 1033 3499 1148 3571; x_wconf 88' lang='lat' dir='ltr'>cadere</span> <span class='ocrx_word' id='word_1_249' title='bbox 1177 3499 1288 3573; x_wconf 81' lang='lat' dir='ltr'>omnia</span> <span class='ocrx_word' id='word_1_250' title='bbox 1311 3548 1331 3589; x_wconf 87' lang='lat'>,</span> 
     </span>
     <span class='ocr_line' id='line_1_34' title="bbox 271 3595 1330 3696; baseline -0.009 -20"><span class='ocrx_word' id='word_1_251' title='bbox 271 3605 556 3696; x_wconf 71' lang='lat' dir='ltr'>laudationum,</span> <span class='ocrx_word' id='word_1_252' title='bbox 583 3605 830 3696; x_wconf 83' lang='lat' dir='ltr'>Scriptionum,</span> <span class='ocrx_word' id='word_1_253' title='bbox 857 3597 901 3681; x_wconf 82' lang='lat'><em>&amp;</em></span> <span class='ocrx_word' id='word_1_254' title='bbox 919 3597 1176 3691; x_wconf 81' lang='lat' dir='ltr'>Historiarum,</span> <span class='ocrx_word' id='word_1_255' title='bbox 1203 3595 1245 3677; x_wconf 69' lang='lat' dir='ltr'>&amp;i</span> <span class='ocrx_word' id='word_1_256' title='bbox 1262 3610 1330 3666; x_wconf 88' lang='lat' dir='ltr'>ta-</span> 
     </span>
     <span class='ocr_line' id='line_1_35' title="bbox 269 3695 1324 3800; baseline -0.019 -16"><span class='ocrx_word' id='word_1_257' title='bbox 269 3714 353 3784; x_wconf 85' lang='lat' dir='ltr'>liam</span> <span class='ocrx_word' id='word_1_258' title='bbox 373 3709 591 3799; x_wconf 77' lang='lat' dir='ltr'>Suafioaum,</span> <span class='ocrx_word' id='word_1_259' title='bbox 619 3703 751 3799; x_wconf 85' lang='lat' dir='ltr'>qualem</span> <span class='ocrx_word' id='word_1_260' title='bbox 774 3701 938 3800; x_wconf 78' lang='lat' dir='ltr'>isocrates</span> <span class='ocrx_word' id='word_1_261' title='bbox 948 3698 1038 3795; x_wconf 86' lang='lat' dir='ltr'>fecit</span> <span class='ocrx_word' id='word_1_262' title='bbox 1047 3695 1324 3795; x_wconf 77' lang='lat' dir='ltr'>Panegyricum,</span> 
     </span>
     <span class='ocr_line' id='line_1_36' title="bbox 268 3795 1331 3904; baseline -0.013 -24"><span class='ocrx_word' id='word_1_263' title='bbox 268 3832 359 3904; x_wconf 86' lang='lat' dir='ltr'>quae</span> <span class='ocrx_word' id='word_1_264' title='bbox 388 3804 496 3879; x_wconf 86' lang='lat' dir='ltr'>verba</span> <span class='ocrx_word' id='word_1_265' title='bbox 522 3824 543 3872; x_wconf 91' lang='lat' dir='ltr'>e</span> <span class='ocrx_word' id='word_1_266' title='bbox 571 3801 761 3876; x_wconf 90' lang='lat' dir='ltr'>Ciceronis</span> <span class='ocrx_word' id='word_1_267' title='bbox 796 3800 955 3873; x_wconf 86' lang='lat' dir='ltr'>Oratore</span> <span class='ocrx_word' id='word_1_268' title='bbox 980 3795 1023 3870; x_wconf 89' lang='lat' dir='ltr'>ad</span> <span class='ocrx_word' id='word_1_269' title='bbox 1056 3797 1160 3868; x_wconf 88' lang='lat' dir='ltr'>Brut.</span> <span class='ocrx_word' id='word_1_270' title='bbox 1193 3819 1228 3868; x_wconf 90' lang='lat' dir='ltr'>c.</span> <span class='ocrx_word' id='word_1_271' title='bbox 1254 3811 1331 3866; x_wconf 67' lang='grc' dir='ltr'>κε.</span> 
     </span>
    </p>
   </div>
   <div class='ocr_carea' id='block_1_3' title="bbox 263 3890 1333 4086">
    <p class='ocr_par' dir='ltr' id='par_1_3' title="bbox 263 3890 1333 4086">
     <span class='ocr_line' id='line_1_37' title="bbox 263 3890 1333 4086; baseline -0.025 -95"><span class='ocrx_word' id='word_1_272' title='bbox 263 3905 493 3990; x_wconf 73' lang='lat' dir='ltr'>tantumdem</span> <span class='ocrx_word' id='word_1_273' title='bbox 514 3899 586 4012; x_wconf 88' lang='lat' dir='ltr'>huc</span> <span class='ocrx_word' id='word_1_274' title='bbox 604 3895 807 4026; x_wconf 75' lang='lat' dir='ltr'>facientia,</span> <span class='ocrx_word' id='word_1_275' title='bbox 839 3916 1015 3999; x_wconf 88' lang='lat' dir='ltr'>quantum</span> <span class='ocrx_word' id='word_1_276' title='bbox 1032 3891 1172 3996; x_wconf 68' lang='lat' dir='ltr'>pistura</span> <span class='ocrx_word' id='word_1_277' title='bbox 1196 3890 1333 4086; x_wconf 47' lang='lat' dir='ltr'>alud}</span> 
     </span>
    </p>
   </div>
   <div class='ocr_carea' id='block_1_4' title="bbox 0 0 1430 4767">
    <p class='ocr_par' dir='ltr' id='par_1_4' title="bbox 0 0 1430 4767">
     <span class='ocr_line' id='line_1_38' title="bbox 0 0 1430 4767; baseline 0 0"><span class='ocrx_word' id='word_1_278' title='bbox 0 0 1430 4767; x_wconf 95' lang='lat' dir='ltr'> </span> 
     </span>
    </p>
   </div>
  </div>
 </body>
</html>
