2850 4767
373 156 1180 285 ‘remorato

276 372 351 475 tem
370 368 521 471 Florum
537 372 703 477 ‚Trajesti
719 374 773 476 ad
799 374 972 451 Rhenum
1001 374 1111 449 Anno
1135 374 1371 476 superioris.¹

276 464 406 574 saecuii
424 472 672 575 ostogefimo‚
698 499 877 573 eumque,
891 496 1031 573 praeter
1046 470 1179 575 figuras
1199 477 1246 551 N
1250 506 1345 555 um·

273 568 478 671 tritorum&
504 576 656 669 aliorum
677 594 996 646 monumentorum
1028 593 1212 666 veterum,
1244 578 1365 657 Dor„

273 662 430 765 &issimis
452 668 858 767 Animadversronibus,
892 670 951 763 δί,
979 672 1168 745 Perizonio
1196 676 1365 757 noim-J

258 764 475 843 sadverfion.
501 770 548 842 C.
573 793 628 842 11.
649 764 798 867 judice,
824 770 1025 867 praeclara,
1053 789 1095 842 ut
1114 770 1202 842 mihi
1220 774 1342 848 vide·
1361 820 1371 863 3

274 868 497 961 tum-divina
512 864 734 939 praefatione
750 869 913 951 ornavit;
939 868 1065 965 inqua
1088 869 1251 943 devitiis
1273 874 1339 945 di·
1368 931 1371 963 3

272 962 402 1061 §sionis
418 954 517 1038 Flori
536 984 608 1037 tam
627 963 734 1037 doeie
746 982 854 1063 atque
870 965 1038 1039 adcurate
1048 963 1205 1063 disputat
1218 1017 1230 1055 ,
1244 995 1339 1067 pra.
1361 1018 1372 1029 .

270 1086 432 1160 vumque
448 1088 489 1135 ac
505 1060 605 1161 saepe
623 1063 762 1163 puerile
772 1063 952 1163 judicium
978 1062 1073 1135 illius
1100 1083 1172 1135 tam
1198 1072 1337 1164 gravi·
1364 1122 1371 1161 a

271 1178 329 1234 ter
347 1184 388 1231 ac
409 1186 493 1234 vere
510 1154 764 1259 reprehendit,
789 1181 852 1246 ut,
877 1158 1015 1233 etiamsi
1041 1162 1130 1233 nihil
1159 1162 1262 1237 aliud
1290 1171 1332 1242 in
1360 1194 1371 1259 j

271 1256 338 1355 illo
356 1254 677 1355 praestitiffet‚vel
695 1257 743 1330 ob
764 1258 854 1330 hanc
872 1254 981 1330 solam
1000 1261 1033 1331 ei
1051 1284 1253 1356 numquam
1275 1264 1332 1339 sa·
1369 1260 1371 1264 ¹

269 1357 318 1431 tis
337 1380 501 1455 magnam
519 1358 669 1453 gratiam
689 1354 827 1448 abhis,
852 1356 915 1454 qui
934 1352 977 1427 ad
997 1355 1195 1453 simplicem
1209 1360 1333 1436 &ve-

267 1479 345 1549 ram
365 1453 507 1551 dicendi
527 1458 700 1528 rationem
726 1456 821 1526 viam
847 1450 1047 1546 adsistant,
1074 1455 1195 1527 haberi
1223 1462 1333 1557 poffe
1370 1460 1371 1463 ’

269 1573 396 1651 putem
404 1556 419 1621 .'
446 1550 531 1625 Post
551 1576 658 1624 annos
676 1552 803 1626 deinde
822 1547 946 1624 decem
964 1552 994 1624 F
998 1576 1209 1650 ranequerae
1231 1580 1330 1654 pro·
1369 1626 1371 1630 ,

268 1651 338 1723 diit
357 1648 485 1723 Florus
505 1652 542 1721 in
559 1672 595 1743 4.
612 1674 696 1732 cum
717 1651 863 1749 integris
880 1647 1060 1739 salmasii,
1074 1651 1227 1743 Vineti,
1247 1655 1329 1731 Ca.
1370 1663 1371 1666 ’

266 1742 410 1835 mertis,
439 1746 577 1839 Stadii,
604 1748 642 1821 &
660 1747 811 1820 Gruteri
829 1748 969 1840 Notis,
995 1749 1037 1821 iis
1055 1748 1213 1842 scilicet,
1228 1779 1330 1853 quae
1370 1825 1371 1832 ,

266 1850 305 1922 in
323 1842 494 1919 Editione
511 1846 733 1919 Gommelini
749 1842 982 1942 legebantur,
1007 1871 1078 1919 non
1095 1846 1327 1930 auctioribus
1370 1927 1371 1936 ,

266 1943 360 2035 illis,
386 1968 472 2041 quas
491 1944 755 2019 Freinshemius
774 1944 913 2016 habuit.
964 1944 1054 2017 Eam
1073 1969 1093 2016 e
1110 1948 1327 2029 recensione
1369 1963 1371 1968 ⁴

267 2042 325 2117 N.
345 2043 388 2111 B.
414 2040 542 2131 idest,
572 2042 722 2115 Nicosai
742 2040 930 2114 Blancardi
948 2041 1040 2135 esse,
1064 2043 1222 2141 praefert
1242 2050 1320 2137 Ti,
1370 2057 1372 2066 ’

265 2141 386 2227 tulus3
420 2142 517 2238 quod
546 2140 589 2214 de
618 2138 791 2213 Editione
817 2139 937 2230 Flori,
963 2166 1068 2237 quam
1095 2163 1177 2216 ante
1200 2168 1322 2223 annos
1370 2159 1371 2166 ’

262 2238 347 2337 psus
394 2239 602 2337 uaduaginta
619 2258 806 2311 curaverat
824 2236 1039 2314 Blancardus
1057 2241 1318 2339 accipiendum
1368 2331 1370 2336 ⁴

263 2336 329 2410 est.
426 2360 482 2408 am
502 2362 531 2411 ts
560 2340 606 2410 A.
627 2338 692 2410 clo
719 2337 844 2408 lscxc.
868 2332 973 2410 senex
1001 2338 1231 2436 decrepitus,
1270 2368 1317 2417 ae
1368 2427 1370 2434 Α

262 2435 466 2534 propejam
478 2434 723 2531 repuerascens
735 2488 745 2520 ‚
756 2456 872 2530 neque
889 2434 1038 2508 Florum
1051 2489 1061 2521 ,
1073 2461 1188 2533 neque
1196 2438 1316 2515 alium
1369 2462 1370 2466 ’

260 2532 377 2606 ullum
399 2532 623 2627 Scriptorcm
643 2529 821 2603 recensere
840 2550 993 2625 poterat.
1043 2535 1141 2603 Mox
1160 2536 1316 2610 biennio

259 2628 452 2727 interjesio
480 2628 662 2701 Henricus
684 2625 908 2699 Wetstenius
936 2652 1048 2724 quum
1077 2626 1143 2701 stbi
1167 2630 1314 2709 rcfidua

257 2723 440 2800 Editionis
466 2724 710 2797 Eizevirianae
737 2732 783 2797 A.
802 2727 867 2797 clo
886 2724 1094 2798 locnxxtv.
1120 2734 1314 2829 exempla.

255 2830 309 2899 ria
326 2820 582 2923 comparasset,
600 2847 640 2895 ea
658 2847 743 2895 cum
761 2820 980 2895 austioribus
1000 2824 1151 2899 Graevii
1169 2831 1308 2902 Anim-

256 2922 501 3011 versronibus,
527 2917 757 3021 ejusdemque
772 2919 995 2994 Praefatione
1007 2975 1018 3009 ‚
1031 2920 1070 2994 ἃ
1088 2948 1311 3003 monumen-

257 3026 305 3099 tis
323 3023 499 3119 antiquis,
525 3042 614 3116 quae
632 3018 744 3091 Floro
760 3020 822 3091 suo
839 3017 1047 3093 exornando
1071 3020 1173 3095 Idem
1198 3026 1308 3099 adhi-

255 3122 405 3211 buerat,
432 3118 608 3214 variisque
626 3114 836 3189 lestionibus
853 3138 899 3188 ex
920 3114 1019 3190 Edit.
1043 3120 1247 3195 Graeviana
1264 3147 1310 3200 ut

255 3218 456 3321 plurimum
475 3217 677 3313 excerptis,
695 3241 792 3287 novo
808 3210 1013 3313 praeposito
1030 3216 1163 3292 Titulo
1182 3222 1306 3297 emisit

257 3312 520 3393 Amstclodami
539 3310 585 3385 A'.
605 3314 856 3389 clolocxctr.
883 3335 988 3410 quam
1011 3316 1220 3391 Editionem
1238 3324 1305 3417 qui

254 3442 323 3517 pro
341 3409 542 3483 Graeviana
559 3410 747 3485 venditant
764 3412 803 3483 &
827 3408 979 3498 habent,
1006 3413 1102 3513 quod
1128 3415 1230 3514 saepe
1254 3420 1301 3491 ab

252 3511 429 3611 imperitis
448 3504 527 3580 fieri
544 3510 641 3601 vidi,
668 3534 713 3583 ex
732 3506 841 3607 ipstus
859 3506 1055 3585 Wetstenii
1074 3513 1302 3589 Praefatione

252 3632 410 3689 errorem
431 3602 533 3678 suum
550 3602 742 3705 agnoscant
759 3607 859 3682 licet.
910 3609 1055 3684 Dehinc
1075 3610 1199 3683 decem
1221 3611 1296 3682 ela·

250 3708 321 3811 pfis
349 3706 446 3779 aunis
474 3704 657 3801 Georgius
685 3704 871 3795 Galletus,
907 3705 1043 3795 idest,
1080 3709 1296 3806 Huguetani

247 3800 509 3887 amstelodami
528 3796 635 3877 Anno
650 3804 757 3902 hujus
773 3802 902 3881 saeculi
916 3804 1073 3881 secundo
1089 3828 1220 3880 noram
1236 3804 1295 3975 p-

1263 3928 1295 3976 ι.
