2850 4767
425 208 457 302 P
514 214 554 306 R
616 208 690 327 Ae
765 213 799 307 F
850 211 893 314 A
946 215 993 314 T
1046 217 1065 317 s
1123 239 1178 325 O.

270 384 456 484 libuisse,
489 410 532 465 ut
566 390 696 467 Florus
757 420 838 473 uam
878 405 1159 487 emendatissime
1186 410 1362 512 legere·-¹

271 506 367 578 tur,
402 488 460 561 sed
475 514 628 588 parum,
655 419 755 589 quod
778 497 963 592 voluerat,
988 503 1168 583 effecisse:
1197 510 1230 585 se
1260 542 1355 592 au-t

274 602 351 682 tem
379 588 477 661 hund
496 587 710 685 scriptorem
732 615 840 690 quam
858 596 1126 696 diligentissime
1145 608 1190 682 ad
1213 610 1353 691 libros

276 703 417 759 veteres
436 686 697 784 recognovisse.
753 692 823 763 Sed
845 692 871 769 fi
894 716 1030 775 veteres
1052 702 1197 780 suerunt
1217 708 1252 784 hi
1292 714 1355 785 li·

278 778 369 871 bri,
403 807 477 855 non
500 786 661 882 optimos
689 784 792 860 fuisse
819 816 873 866 rer
897 794 971 893 ipsa
993 792 1160 878 ostendit.
1222 807 1351 884 Nam

280 878 347 953 etsi
372 904 418 954 ex
446 882 489 954 iis
513 882 686 980 quaedam
711 884 810 981 reste
842 894 1029 971 emendata
1061 897 1171 991 sunt,
1207 925 1353 983 tamen

310 976 462 1075 serisque
483 979 573 1053 locis
593 986 775 1080 corruptis
798 981 929 1063 Editio
953 994 1014 1068 illa
1039 998 1254 1077 Beroaldina
1273 1010 1350 1095 ni-

280 998 361 1149 lilo
380 1076 588 1151 meliorest.
632 1112 638 1119 ·

253 1200 256 1213 ⁸
335 1174 378 1247 ln
398 1196 606 1269 contextu,
640 1202 747 1276 quem
766 1204 933 1280 vocant,
958 1214 1072 1267 novae
1097 1194 1204 1294 hujus
1232 1198 1349 1274 Edi·

284 1274 395 1349 tionis
412 1297 591 1371 perpauca
618 1294 756 1350 mutata
783 1277 894 1375 sunt,
934 1312 1000 1361 nec
1028 1288 1102 1365 fere
1125 1294 1344 1397 quidquam

284 1370 360 1447 fine
392 1370 604 1445 auctoritate
629 1376 734 1447 unius
769 1378 956 1458 alteriusve
985 1386 1069 1463 libri
1094 1390 1230 1492 scripti.
1290 1400 1350 1472 ln

283 1466 666 1547 Animadverfionibus
693 1474 781 1547 meis
808 1478 911 1572 plura
936 1491 1067 1560 mutari
1094 1514 1246 1587 propter
1267 1522 1348 1570 ac·

285 1565 475 1644 cessionem
492 1592 668 1641 novarum
686 1574 863 1647 variarum
874 1575 1069 1656 les'rionum
1088 1589 1347 1684 necessesuit3

285 1664 469 1739 interdum
495 1667 631 1756 etiam,
666 1668 749 1766 quia
774 1696 871 1747 nunc
894 1678 997 1752 aliter
1020 1703 1129 1783 atque
1152 1707 1255 1763 antea
1288 1693 1346 1767 de

287 1760 500 1863 quibusdam
518 1766 705 1861 cogitavi,
729 1792 796 1865 pro
814 1770 857 1845 iis
876 1826 890 1865 ‚
921 1800 1012 1875 quae
1028 1786 1128 1877 prius
1145 1783 1282 1885 scripta
1293 1816 1343 1861 e·

56 1904 57 1933 ;
180 1928 184 1937 .
244 1878 387 1953 rant,
411 1860 478 1933 alia
502 1884 599 1935 ame
615 1860 807 1948 substituta
821 1866 916 1947 sunt.
959 1877 1001 1948 ln
1017 1878 1088 1955 hoc
1106 1902 1225 1957 tamen
1242 1910 1343 1983 par-

287 1961 369 2035 'cior
393 1956 469 2047 sui,
496 1983 569 2033 non
592 1960 691 2058 quod
716 1985 879 2060 putarem
905 1978 1024 2048 mein
1049 1978 1134 2067 his,
1162 2008 1252 2081 quae
1272 1989 1340 2057 in·

287 2056 383 2132 radia
398 2056 552 2155 reliqui,
577 2060 627 2132 ita
643 2059 780 2159 ubique
798 2088 874 2139 rem
892 2073 967 2143 acie
992 2076 1148 2175 tetigisse
1166 2132 1177 2160 ,
1213 2104 1255 2155 ut
1275 2086 1339 2157 ni-

286 2155 341 2230 hil
366 2154 493 2228 melius
512 2156 585 2229 dici
601 2175 708 2255 atque
732 2162 907 2259 explicari
934 2168 1071 2267 possit,
1104 2177 1204 2277 quod
1232 2204 1339 2253 non·

288 2253 379 2328 dum
414 2254 583 2352 cuiquam
612 2257 807 2348 omnium,
850 2265 912 2362 qui
946 2272 1107 2349 vetustos
1132 2274 1197 2350 scri
1226 2300 1337 2353 tores

286 2350 465 2427 illustrare
481 2346 630 2451 aggressi
654 2350 767 2467 suqt,
808 2366 998 2463 contigit3
1034 2371 1093 2446 sed
1117 2302 1223 2475 quod
1250 2402 1336 2473 ea,

287 2474 380 2547 quae
404 2474 530 2547 parum
556 2449 654 2524 reste
678 2448 773 2529 dieta
788 2454 897 2551 sunt,
924 2464 1000 2541 aliis
1029 2474 1241 2572 corrigenda
1265 2502 1332 2549 re·

285 2546 480 2645 linquere,
516 2570 623 2645 quam
650 2548 724 2648 ipse
748 2556 940 2633 molestum
966 2563 1104 2667 singula
1128 2570 1332 2646 retrudan-

283 2646 323 2721 di
349 2642 536 2720 &incudi
561 2644 731 2721 reddendi
756 2652 915 2729 laborem
939 2658 1025 2737 susci
1055 2691 1114 2739 ere
1137 2667 1299 2743 mallem.

336 2743 423 2818 Nec
440 2743 634 2841 praeterire
652 2752 786 2841 potui,
813 2778 902 2850 quae
926 2758 1007 2856 post
1025 2690 1241 2861 sirperiorem
1270 2771 1333 2843 E·

287 2844 465 2919 ditionem
503 2864 618 2913 meam
651 2842 796 2921 Eruditi
823 2856 986 2929 nonnulli
1012 2859 1053 2931 ad
1088 2862 1238 2936 Florum
1262 2870 1332 2943 vel

283 2937 573 3027 emendandum,
617 2939 675 3013 vel
700 2942 977 3041 illustrandum,
1019 2957 1119 3031 velut
1141 2958 1330 3057 symbolas

285 3038 474 3143 quasdam,
500 3034 753 3129 contulerunt3
778 3044 824 3117 de
837 3073 994 3146 quorum
1014 3056 1212 3157 plerisque,
1238 3089 1328 3138 nam

283 3136 456 3241 quaedam
475 3137 510 3206 in
529 3134 648 3207 medio
665 3136 729 3210 reli
758 3145 819 3237 ui,
845 3170 934 3244 quae
952 3149 1121 3227 sententia
1139 3183 1217 3232 mea
1234 3161 1330 3235 esset

282 3239 373 3311 mihi
395 3231 651 3307 ostendendum
677 3241 752 3310 exis
771 3244 889 3314 imavi.
940 3248 1059 3347 Siqui
1077 3274 1325 3355 praetorem,

282 3362 374 3437 quos
399 3332 603 3420 nominavi,
630 3332 758 3408 deinde
775 3338 811 3410 in
836 3344 1085 3443 explicando,
1119 3374 1181 3428 aut
1206 3360 1327 3432 corri-

279 3434 403 3534 gendo
430 3427 500 3502 hoc
524 3427 700 3528 scriptore
715 3434 851 3524 aliquid
869 3466 998 3540 operae
1016 3446 1230 3544 posuerunt,
1256 3480 1326 3529 eo·

281 3558 363 3607 rum
389 3527 521 3623 scripta
545 3531 581 3600 in
608 3553 731 3602 manus
757 3558 852 3608 meas
877 3564 950 3613 non
979 3567 1166 3625 venerunt.
1217 3554 1327 3629 Nam

277 3632 349 3704 viri
366 3624 464 3701 dotti
483 3624 521 3700 ὅ(
540 3627 644 3699 amici
665 3629 998 3714 Animadverfiones
1015 3639 1060 3715 ad
1077 3647 1325 3749 Aeschylum,

277 3728 461 3825 inquibus
487 3724 658 3798 nonnulla
682 3725 848 3801 adversus
874 3739 1089 3836 interpreter
1123 3746 1155 3818 F
1157 3747 1224 3819 lori
1250 3749 1325 3825 dis·

277 3844 481 3939 putantur,
514 3822 619 3913 sero,
648 3826 727 3922 jam
760 3828 929 3912 omnibus
958 3836 1070 3939 usque
1104 3844 1149 3917 ad
1185 3844 1324 3925 librum

631 3972 632 3975 ¹
1216 3969 1324 4043 quar·
