2850 4767
239 253 313 334 ‘1⁶8
430 243 481 326 L:
532 246 796 346 AJttrrAtr
842 245 1111 320 Front-

249 361 428 438 Asculum
451 356 578 432 melius
603 355 816 429 dimicatum
841 355 921 443 est,
957 357 1104 450 Curio,
1139 351 1292 428 Fabri·

246 463 377 556 cioque
410 455 626 530 consulibus.
656 457 732 553 jam
767 458 903 551 quippe
927 452 1128 527 belluarum
1154 474 1294 525 terror

247 559 485 643 exoleverat,
521 553 560 626 &
583 553 694 651 Cajus
723 553 911 625 Minucius
939 571 1085 648 quartae
1117 552 1287 648 legionis

247 654 435 743 hastatus,
471 651 576 724 unius
602 648 817 748 proboscide
842 647 1017 737 abscissa,
1053 653 1147 724 m'ori
1172 647 1288 747 poffe

186 746 238 840 ,lo
251 751 388 827 belluas
420 746 634 826 ostenderat.
683 748 813 847 ltaque
846 748 884 824 &
908 748 945 820 in
968 744 1056 849 ipsas
1080 746 1155 848 pila
1178 770 1285 916 εοᾶι·

1167 868 1216 944 gc
1258 868 1285 916 a

250 1017 284 1064 Et
309 1007 390 1062 rursus
421 1007 486 1060 ibid.
516 1025 540 1060 r.
564 1019 618 1070 556.
648 1007 673 1056 &
691 1023 748 1057 rar.
772 1007 855 1070 chus,
876 999 1099 1070 redenseut,cum
1119 1005 1212 1070 Pyrrho
1234 1001 1285 1054 bis

226 1075 229 1082 ‘
251 1082 375 1136 Aen.453.
386 1071 751 1136 sicdarertnorm,adnirario-
772 1070 805 1121 ad
819 1072 937 1122 Asculum
957 1070 1005 1121 eise
1023 1084 1184 1138 pugnatum,
1201 1070 1283 1144 prio-

250 1155 315 1202 otm,
325 1138 542 1206 terroren,Jullin.
554 1152 603 1196 111,
612 1157 634 1196 ς.
645 1138 669 1185 δι
680 1153 717 1186 rv.
729 1153 749 1184 1.
773 1151 799 1185 re
821 1134 864 1185 die
887 1139 1009 1203 praelium
1024 1135 1058 1184 ob
1077 1135 1177 1183 nostem
1197 1127 1282 1182 iurise

285 1223 308 1260 9.
329 1203 460 1267 Asculum]
487 1201 618 1269 opidum
644 1202 693 1250 hoc
722 1202 749 1247 in
772 1199 931 1264 diremtum,
961 1203 1041 1272 altero
1064 1197 1106 1248 die
1131 1197 1282 1264 Pyrrhum,

249 1265 391 1318 Picentibus
415 1267 480 1314 locat
509 1219 574 1316 Plln.
602 1281 622 1320 3.
652 1281 689 1320 ις.
725 1264 751 1310 &
771 1267 833 1324 eirca
863 1263 979 1314 humeros
1007 1265 1061 1331 ptlo
1087 1259 1207 1324 laesum,
1241 1276 1281 1310 ex

227 1329 365 1389 'Noster‚
391 1333 505 1396 proximo
523 1345 577 1396 cap.
601 1333 635 1376 Ea
649 1340 749 1400 propter
768 1326 822 1377 acie
836 1326 975 1392 deceilitse,
994 1327 1125 1377 vitiorium
1140 1331 1279 1393 peneaFa·

249 1400 354 1450 Camers
369 1395 482 1460 proxime
502 1391 675 1459 praecedentia
696 1405 748 1439 ver·
770 1390 875 1441 bricium
891 1390 973 1443 fuisse.
1009 1391 1126 1456 Pyrrhum
1147 1389 1245 1440 deinde
1259 1403 1280 1436 a
1309 1447 1313 1450 .

249 1457 303 1520 ba,
331 1461 357 1507 In
380 1460 493 1524 Apulia,
517 1453 624 1505 delenda
644 1453 747 1504 censuit.
772 1453 1163 1522 Syracusanisinsieiliam,qui
1178 1471 1193 1503 a
1208 1459 1278 1504 Cat·

143 1554 150 1564 .
250 1523 356 1572 vinetus
377 1519 412 1568 ira
438 1517 566 1568 subvenire
595 1531 694 1570 tentat:
721 1519 748 1566 ln
773 1519 956 1584 rhaginenfibus
984 1517 1179 1581 obsidebantur,
1209 1533 1278 1568 evo-

251 1587 366 1652 Apulio,
384 1580 463 1632 deinde
481 1581 546 1652 opud
560 1583 696 1642 Asculum:
721 1595 748 1630 ut
770 1599 877 1648 catum,
905 1583 1048 1634 Plutarchus
1074 1585 1099 1631 δι
1120 1582 1278 1640 Pausanias,

250 1651 356 1708 innuat,
381 1645 476 1695 duobus
497 1647 549 1696 istis
570 1648 631 1696 locis
654 1661 748 1712 pugna·
771 1647 815 1698 lib.
845 1666 867 1697 r.
897 1649 1009 1698 audorcs
1040 1645 1104 1698 sunt.
1143 1647 1278 1697 Nonnulli

249 1724 305 1762 tum
325 1711 381 1760 elle.
414 1713 554 1774 vegetius,
581 1726 602 1764 3·
622 1727 672 1768 24..
686 1725 749 1777 quae
771 1710 895 1772 scribunt,
912 1711 991 1762 dubio
1004 1715 1104 1787 plane,
1121 1713 1235 1778 Sulpicio
1250 1711 1281 1758 δι

249 1775 293 1826 hic
320 1787 471 1836 narrantur,
502 1775 528 1822 in
556 1775 662 1824 Lucania
688 1775 749 1823 acci·
771 1778 851 1825 Decio
865 1775 932 1826 Cois.
950 1791 1007 1824 cum
1020 1775 1110 1840 Pyrrho
1130 1787 1278 1843 pugnatum

249 1836 310 1890 disse
329 1834 421 1888 scribit·
447 1843 586 1888 Frtmtisii.
626 1836 748 1887 Plutarch.
773 1837 844 1902 effe,
875 1836 919 1890 sed
944 1856 1010 1888 anno
1036 1839 1170 1906 superiore.
1215 1843 1278 1903 Pyr-

212 1913 214 1922 ·
251 1905 281 1954 in
306 1899 388 1975 Pyrrh.
418 1902 444 1948 dc
464 1903 577 1950 Frontin.
608 1917 646 1951 rr.
667 1920 689 1963 3,
708 1917 747 1950 21.
773 1903 845 1953 rhum
864 1901 934 1952 fuisse
954 1906 1134 1967 vulneratum,
1158 1901 1204 1953 sed
1222 1910 1277 1952 De·

251 1967 375 2034 praelium
409 1962 476 2040 apud
509 1961 627 2036 Asculum
658 1964 750 2013 failum
773 1968 839 2016 cium
857 1965 917 2018 Cos.
934 1966 982 2017 hoc
1004 1971 1031 2018 in
1056 1970 1151 2080 praelio
1166 1964 1277 2017 cecidis-

252 2027 370 2090 tradunt;
390 2027 431 2078 uba
452 2026 480 2077 id
501 2028 575 2078 fitum
589 2030 680 2092 luerit,
699 2043 750 2076 non
774 2028 814 2092 se,
832 2033 923 2082 cicero
939 2031 966 2080 in
981 2029 1060 2082 Tuscu
1071 2047 1112 2080 an.
1129 2049 1151 2082 r.
1168 2048 1207 2092 37.
1227 2048 1275 2081 au·

236 2091 360 2154 addunt.
377 2097 481 2160 Rupert.
496 2090 528 2141 ad
543 2091 568 2142 lr.
584 2094 602 2141 1.
619 2094 645 2140 dc
658 2094 750 2142 cellar.
773 2096 827 2144 tior
847 2093 891 2144 est.
909 2102 1035 2147 snmus.
1067 2103 1141 2148 Forte
1158 2094 1276 2146 diversos

259 2175 300 2208 rr·
321 2163 416 2221 Gcogt.
439 2163 499 2205 Ant.
523 2175 546 2213 a·
565 2155 626 2205 duas
641 2157 689 2206 hoc
706 2170 752 2204 no·
774 2175 853 2208 anuos
873 2160 993 2223 intelligit
1011 2161 1120 2223 audior,
1138 2175 1166 2210 ut
1183 2159 1275 2226 supra,

254 2223 325 2274 mine
344 2219 412 2270 urbes
436 2223 462 2270 in
481 2221 552 2269 ltalia
576 2218 647 2270 fuisse
673 2219 754 2270 osten·
779 2241 799 2271 r.
823 2234 862 2285 16,
882 2238 906 2275 a.
939 2225 988 2272 Per
1008 2225 1092 2273 Fabios
1112 2225 1142 2278 Gy
1157 2226 1276 2290 Papirios

253 2285 333 2343 dunt,
351 2285 453 2334 alteram
471 2284 499 2334 in
515 2285 628 2348 Piceno,
647 2285 752 2336 alteram
773 2303 872 2356 porres,
889 2304 1009 2353 eorumque
1023 2289 1115 2337 liberos.
1130 2294 1274 2340 Pharusii.

251 2349 281 2399 in
300 2350 414 2414 Apulia,
458 2363 502 2398 uae
526 2346 603 2400 hodie
624 2363 654 2398 ue
673 2349 753 2410 Ascoli
776 2353 826 2412 Qri
839 2350 988 2401 sententiam
1001 2353 1167 2402 Freinshemii
1181 2351 1276 2402 deferr·

253 2412 358 2463 dicatur.
392 2417 431 2460 De
470 2428 497 2462 ac
523 2366 680 2478 igiturlaaec
702 2427 753 2461 ver·
777 2414 835 2463 dere
850 2417 941 2478 volet,
963 2416 988 2462 ei
1008 2417 1118 2481 primum
1138 2416 1275 2466 ostenden·

252 2475 285 2525 ba
306 2473 448 2540 accipienda
463 2473 535 2538 sunt,
553 2491 605 2525 non
626 2475 658 2526 de
677 2475 752 2526 Ascu·
777 2478 838 2528 dum
858 2481 927 2541 erit,
951 2493 1004 2528 non
1020 2478 1133 2530 Fabricio
1156 2493 1276 2543 tantum,

254 2541 283 2591 lo
298 2540 398 2588 Piceno.
777 2540 918 2593 sedetiam
945 2546 1024 2595 Curio
1046 2551 1108 2593 cos.
1128 2546 1147 2595 i.
1169 2560 1193 2595 e.
1219 2561 1273 2594 non

299 2605 369 2650 Curio
399 2599 577 2670 Fabricioque]
606 2602 753 2654 Manifestus
774 2617 873 2657 tantum
894 2613 924 2657 A.
951 2613 979 2658 U.
1003 2621 1164 2662 ccccuxxv.
1188 2606 1233 2658 scd
1248 2625 1276 2658 e-

256 2667 299 2718 lric
323 2663 359 2714 est
382 2679 459 2720 error.
495 2669 572 2716 Curio
596 2671 666 2718 enim
690 2683 753 2716 nun·
777 2672 838 2720 tiam
862 2683 1065 2725 ccchxxvttr.
1094 2671 1126 2722 ad
1156 2672 1276 2722 Asculum

255 2745 332 2798 quam
354 2730 382 2778 in
400 2726 529 2780 consulatu
543 2732 668 2796 collegam
682 2727 753 2782 fuiisc
777 2750 915 2803 pugnatum
935 2731 981 2784 esse
996 2749 1018 2786 :·
1033 2733 1103 2803 quod
1126 2734 1203 2788 semel
1220 2751 1276 2788 tan·

256 2794 418 2857 fabricium,
441 2795 553 2844 Annales
574 2793 641 2846 cols.
664 2795 754 2846 tellan-
779 2813 833 2848 tum
853 2797 982 2854 Fabricio,
1000 2815 1052 2850 non
1066 2801 1143 2851 Curio
1158 2807 1219 2851 Coa.
1238 2803 1275 2851 fa·

258 2873 309 2910 tur.
344 2855 504 2907 scribendum
519 2859 552 2908 ita
573 2873 626 2921 ue,
646 2859 754 2908 Fabricio
778 2866 847 2913 &um
878 2859 979 2912 tradunt
1008 2869 1120 2915 veteres.
1158 2865 1258 2916 Deinde

258 2925 291 2980 (9·
311 2923 411 2972 Aemilio
433 2873 604 2995 Coffllquilius
628 2921 661 2996 ad
680 2919 755 2972 Ascu·
778 2944 856 2996 quum
883 2923 990 2976 duorum
1010 2925 1150 2980 consulum
1170 2903 1277 2981 nomina,

259 2989 313 3040 lum
335 3001 393 3036 cum
414 2990 540 3048 Lucarus,
557 2991 679 3049 Bruttus,
709 2991 756 3035 Ta·
779 2995 837 3054 ita,
868 3002 895 3038 ut
921 2991 986 3053 hic,
1008 2995 1218 3056 coniunguntur,
1245 2995 1275 3046 id

169 3091 176 3108 ,
260 3051 385 3112 reatinis,
404 3049 600 3112 &Samnitibus,
618 3065 756 3114 pugnorum
779 3057 857 3104 etiam
885 3056 964 3120 accipi
992 3054 1059 3121 posse
1073 3056 1113 3106 'de
1139 3059 1193 3121 iis,
1229 3061 1273 3125 qui

259 3111 326 3172 elie,
344 3113 541 3177 Triumphorum
558 3111 657 3162 tabulae
673 3130 756 3164 recen·
779 3135 829 3169 non
857 3116 949 3166 eodem
975 3134 1043 3169 anno
1070 3117 1137 3173 coti.
1167 3120 1276 3178 fuerunt.

146 3229 154 3240 ,
259 3177 325 3231 sent.
362 3169 473 3228 observo
492 3191 616 3243 namque,
639 3179 755 3242 Pyrrhum
782 3183 821 3232 Est
840 3184 948 3231 omniuo
974 3197 1103 3248 peecatum
1129 3183 1178 3233 five
1201 3184 1276 3236 libra·

260 3257 321 3298 tunc
342 3235 385 3307 spe
406 3240 566 3306 occupandae
580 3243 676 3290 siciliae
697 3258 756 3296 evo·
782 3249 901 3309 riorum,
925 3260 953 3296 ut
972 3263 1040 3321 purat
1061 3247 1128 3312 Pigh.
1145 3244 1178 3296 ad
1193 3255 1225 3297 A.
1243 3257 1275 3300 U.

262 3320 347 3357 catum
361 3301 449 3366 fuisse,
467 3305 562 3355 viuum
582 3319 667 3355 tamen
683 3309 759 3372 paulo
782 3323 941 3362 ccccuxrtv.
966 3316 1014 3360 live
1034 3311 1110 3377 ipfiuo
1127 3312 1194 3360 flori
1246 3328 1275 3368 ur

263 3383 322 3426 apte
342 3367 445 3442 Fabricii
472 3369 561 3419 virtute
576 3404 592 3431 „
610 3383 697 3436 utpote
717 3373 758 3438 qui
775 3378 806 3444 ¹si
826 3390 869 3424 ou.
885 3373 918 3423 ad
929 3373 1047 3426 cumdem
1060 3347 1272 3437 annum,schott.

264 3431 392 3482 medicum
413 3433 603 3494 Timocharem,
620 3447 703 3484 contra
725 3450 760 3484 rc·
785 3455 798 3487 a
833 3441 917 3488 Aurei.
933 3439 1144 3488 vitiorem.
1166 3441 1192 3488 δι
1209 3444 1273 3491 Peri.

285 3497 305 3542 is
321 3491 357 3542 sui
370 3508 444 3560 caput
458 3493 500 3562 spe
514 3499 619 3564 praemii
634 3513 760 3550 venenum
786 3518 845 3552 zon.
859 3501 929 3552 adh.
944 3505 962 3550 l.
980 3499 1067 3568 quibua
1088 3503 1173 3569 potiut
1189 3504 1273 3556 adsen·

265 3511 446 3627 deferentem,
477 3557 508 3609 ad
534 3558 666 3612 dominum
691 3559 762 3614 suum
784 3569 842 3616 tior.
877 3567 971 3615 similis
988 3565 1023 3614 est
1048 3580 1117 3616 error
1135 3583 1189 3634 cap.
1210 3585 1276 3638 prae.

262 3617 354 3674 reduci
375 3625 503 3694 curaverit.
529 3625 563 3672 ita
584 3624 637 3674 fere
657 3631 761 3692 Eutrop.
785 3626 840 3678 ced.
856 3627 888 3676 de
902 3629 977 3680 Fabio
991 3631 1015 3678 δι
1029 3634 1109 3682 Decio
1122 3631 1190 3682 Coss.
1208 3639 1277 3697 Quae

269 3700 294 3738 2,
319 3692 356 3730 ra·
375 3687 442 3750 Epir.
466 3702 502 3741 13.
532 3689 621 3752 Livii,
652 3692 765 3742 Valerius
787 3691 886 3742 Stadiua
910 3694 951 3743 hic
976 3709 990 3743 e
1017 3693 1091 3752 fastis
1112 3697 1278 3762 triumphali.

271 3745 418 3804 Maximus,
453 3751 562 3805 Tabulae
592 3755 762 3818 Capitolinae.
785 3755 831 3805 bur
848 3756 945 3820 refert,
976 3773 1005 3806 ea
1022 3757 1057 3807 ibi
1079 3775 1132 3810 non
1149 3761 1277 3825 legunturr

273 3817 367 3886 §antra
388 3811 490 3880 lflorus,
510 3815 535 3862 ἃ
554 3812 660 3880 scriptor,
676 3816 708 3871 de
723 3821 763 3883 yi-
786 3816 830 3882 sed
855 3833 952 3878 tantum
976 3821 1116 3873 Fabricium
1144 3823 1177 3877 de
1205 3831 1287 3883 Luca„

267 3889 308 3938 m
320 3867 462 3932 illullssbus·
498 3879 653 3944 taurinus,
672 3883 763 3933 rlurar·
789 3884 843 3948 nis,
860 3883 959 3938 Bruttiis
965 3888 1143 3952 fluentius,
1157 3888 1280 3962 &Samni-

1217 3953 1283 4015 utu
