2850 4767
246 258 1000 363 PRAEFATIO&
1100 306 1197 333 ,-

103 480 264 557 umquam
291 450 421 526 iocum
457 449 616 567 aliquem
652 449 846 528 obscurum
879 474 926 526 ex
959 451 1004 524 iis
1026 435 1149 524 decim

99 578 168 648 rat,
185 550 244 628 sed
262 552 488 651 plerumque
513 575 551 623 m
567 550 810 651 explicafione
825 558 1146 625 monumentorum

79 676 257 826 ‘veterum
277 668 490 760 occupatur
508 670 521 736 3
554 668 632 722 tum
652 647 752 749 quod
775 650 811 723 in
822 646 1064 747 disputatione
1082 646 1147 719 ad··

99 750 212 825 tersus
230 749 443 823 Graevrum
471 747 523 820 ita
541 747 659 820 utitur
676 746 890 823 testimoniis
917 746 1149 843 Scriptorum

98 870 291 932 veterum,
325 864 373 917 ut
394 868 483 917 eae
514 844 663 919 Lexicis
691 846 730 919 &
758 844 946 920 Indicibus
970 841 1150 940 descripta

96 942 330 1036 &conrasa,
357 966 435 1014 non
454 939 551 1040 ipsos
577 943 621 1016 ab
632 962 684 1017 -eo
712 942 888 1043 inspestus
906 940 975 1017 esse
997 988 1011 1034 ,
1045 937 1151 1014 facile

94 1048 206 1120 cuivis
216 1044 405 1141 adpareat.
435 1039 487 1113 Et
505 1040 577 1114 boc
593 1040 730 1116 dudum
741 1061 823 1118 ante
839 1041 978 1116 editum
994 1058 1024 1113 'a
1049 1036 1150 1112 Ciar.
1196 1042 1200 1049 '

93 1147 304 1219 Burmanno
335 1139 589 1227 Petnonium,
647 1164 736 1215 uum
771 1140 984 1215 nonnullaa
1009 1138 1152 1236 Regem

94 1243 187 1317 edita
203 1236 448 1324 evolvissem,
475 1164 714 1311 tacitusdeeo
732 1240 928 1338 opinabar3
951 1251 1152 1335 euquema·

95 1343 147 1439 gis
165 1337 302 1411 deinde
328 1332 521 1423 mirabar,
557 1360 640 1409 eum
669 1336 735 1409 fibi
756 1336 989 1425 Graevium‚
1014 1334 1100 1432 qui,
1126 1329 1153 1405 si

96 1438 283 1536 quisquam
302 1434 420 1521 alius,
447 1434 605 1507 maxime
624 1434 773 1533 idoneus
791 1454 868 1509 erat
887 1434 1014 1508 harum
1033 1438 1159 1504 reium'

97 1538 250 1627 arbiter,
277 1530 326 1605 de
344 1530 552 1605 virtutibus
571 1556 613 1606 ac
629 1536 727 1606 vitiis
754 1532 921 1607 didionis
938 1534 970 1606 F
972 1528 1156 1629 lorisum·

98 1660 155 1709 mo
179 1658 271 1707 cum
288 1630 442 1731 judicio
459 1628 701 1729 disputantem
728 1630 969 1707 adversarium
988 1626 1158 1726 elegisse}

99 1732 382 1831 &quamquam
410 1746 492 1801 tum
516 1729 678 1805 nondum
696 1730 878 1824 videram,
902 1750 993 1829 quae
1012 1728 1066 1800 illi
1084 1751 1154 1826 upa
1200 1720 1206 1739 '

99 1830 300 1927 posuerat,
336 1846 461 1900 tamen
489 1825 676 1920 dicebam,
703 1830 835 1926 Infelix
845 1846 953 1925 puer,
978 1830 1155 1925 atque'im

98 1952 158 2023 par
182 1926 374 2025 congreffus
391 1923 537 1997 Achilli.
563 1925 707 2000 Deinde
717 1950 859 2020 autem,
885 1924 1075 2027 postquam
1087 1924 1156 1997 mi·

100 2028 134 2097 bi
151 2052 194 2099 ea
213 2021 459 2123 inspiciendi,
479 2023 551 2116 dc,
584 2025 790 2121 cuiusmodi
816 2025 955 2118 essent,
992 2021 1156 2098 confides

100 2126 198 2197 randi
218 2121 382 2196 facultas
403 2120 485 2195 data
501 2118 591 2210 suit,
619 2124 668 2197 ita
695 2126 734 2199 in
757 2148 798 2198 ea
825 2126 1003 2225 opinione
1021 2119 1159 2209 confir-s

102 2244 219 2296 matus
246 2219 356 2312 sum,
383 2238 515 2293 utnon
534 2221 850 2324 Apollinismagis
864 2248 992 2298 verum
1011 2222 1164 2321 respons¹

100 2319 208 2411 sum,
230 2342 340 2416 quam
357 2318 556 2391 Burmanni
569 2318 613 2393 de
628 2322 771 2423 Begero
788 2348 810 2395 a
825 2320 981 2415 ludione
995 2328 1160 2393 veterum

103 2420 294 2514 imparato
315 2413 544 2504 sententiam,
571 2438 711 2515 putem.
755 2417 857 2494 Nam
877 2415 975 2519 qnod
1001 2419 1081 2513 quis
1103 2418 1168 2493 die.

105 2534 194 2603 cat,
222 2535 269 2586 ex
285 2536 348 2597 eo,
371 2513 471 2611 quod
486 2536 560 2587 non
577 2541 682 2613 parca
690 2542 798 2593 manu
806 2516 948 2617 scriptis
957 2516 1026 2592 suis
1037 2518 1152 2591 Grae⁴
1192 2524 1196 2534 ’

106 2638 239 2687 corum
273 2610 554 2687 &Latinorum
580 2612 767 2691 austorum
792 2616 997 2691 testimonia
1022 2614 1158 2718 insper⁴

106 2716 179 2810 git,
208 2710 375 2880 inteslssigi
392 2732 476 2781 eum
502 2735 575 2785 non
592 2712 709 2788 levem
736 2716 774 2787 in
800 2714 855 2788 his
882 2715 914 2788 ie
941 2714 1040 2789 endis
1068 2742 1157 2816 ope·

106 2837 173 2884 ram
193 2809 306 2911 posui
335 2834 381 2896 e,
407 2806 446 2877 id
465 2809 567 2881 nullo
591 2815 743 2911 negotio
774 2739 982 2913 propulsare
1005 2812 1158 2914 possem.

107 2908 157 2981 sed
174 2934 253 2984 non
274 2931 375 3007 opus
391 2900 462 2978 effe
478 2907 634 2982 arbitror
653 2913 690 2983 in
707 2910 804 2986 hunc
820 2912 1018 2986 sermonem
1039 2913 1161 3031 ’nigre-

108 3006 154 3081 di:
180 3032 254 3082 nec
271 3000 657 3102 tamendiffimulabo,
681 3034 762 3101 eos,
805 3009 1044 3109 uiiegerunt,
1069 3025 1160 3109 quae

105 3108 141 3181 ad
166 3110 329 3181 Petron.
357 3102 406 3176 C.
434 3125 540 3176 xciv.
567 3104 751 3180 adnotavit
779 3036 877 3183 dian.
906 3110 1130 3185 Burmannus
1147 3126 1167 3205 ,³

108 3232 168 3281 :on
187 3200 403 3281 difficulter
419 3202 725 3278 animadversuros
745 3231 852 3305 quem
869 3222 1007 3280 morem
1018 3218 1161 3283 teneant

107 3308 207 3379 nuiti
238 3303 432 3376 minorum
457 3302 623 3397 gentium
649 3302 808 3399 heroes,
852 3305 975 3403 quiin
1000 3305 1161 3401 eodem,-

110 3427 171 3501 quo
203 3404 409 3500 Begerus,
446 3396 646 3473 studiorum
672 3424 802 3501 genere
829 3401 1022 3478 versantur.
1070 3408 1162 3501 Quo

110 3503 246 3598 judicio
271 3522 388 3597 porro
406 3495 499 3567 mihi
519 3498 557 3569 in
575 3498 685 3573 Floro
702 3521 830 3575 contra
845 3498 1026 3575 censuram
1046 3505 1163 3582 Graei

111 3604 151 3673 rii
166 3593 407 3675 defendendo
437 3592 522 3669 usur
552 3594 713 3673 videatur
739 3600 930 3696 Regem,
962 3597 1008 3673 ad
1027 3600 1167 3704 singula

112 3696 176 3775 loca
189 3755 202 3793 ,
243 3693 297 3769 de
324 3694 459 3793 quibua
486 3690 757 3792 quaerebatur,
799 3696 951 3776 ostendi.
1003 3702 1047 3774 ln
1083 3705 1166 3802 qui·

112 3792 182 3896 bus,
208 3796 359 3900 siquid
382 3791 646 3871 inclementius
670 3796 707 3869 in
733 3820 819 3870 eum
847 3798 954 3891 dixi,
987 3800 1024 3872 id
1043 3814 1166 3877 toturn
1255 3830 1263 3856 ss.

111 3896 258 4002 expressit
278 3890 537 3998 indignatio,
557 3892 760 4045 tantill'um,
783 3896 823 3971 in
836 3896 892 3972 hia
918 3896 1066 3998 quidem
1077 3900 1177 4071 ἔξω·

1102 4023 1167 4089 1182
