2850 4767
452 147 1183 317 snarr‘ar10.

278 402 661 487 Animadverfionibus
690 405 839 498 monui,
864 404 991 479 deinde
1018 404 1194 506 nusquam
1224 404 1355 483 libre

275 532 382 593 rum,
409 505 539 603 quibus
561 502 597 576 hi
616 501 669 576 usa
687 506 848 593 fuerant,
876 502 1086 603 scripturam
1105 505 1298 599 laudavi,
1316 534 1355 579 n

279 604 306 679 st
325 604 389 678 ubi
409 627 449 675 ea
466 598 644 699 adscripta
663 622 752 675 erat.
794 601 839 673 In
859 601 1164 677 Adnotationibus
1183 604 1295 678 meis
1325 605 1355 676 d

278 698 498 803 eonjeEiuris
518 698 555 773 δε
582 699 893 773 emendationibus
923 702 1168 799 lnterpretum
1194 700 1355 777 senten

279 803 367 877 tiam
398 796 611 895 simpliciter
641 798 678 870 St
707 797 820 871 libere
847 795 947 889 dixi,
975 798 1037 888 ἃ,
1064 824 1130 873 cur
1157 797 1249 875 alias
1274 802 1355 873 alii

278 894 526 999 praeferendas
541 894 809 992 judicaverim,
834 898 1012 970 tationem
1038 895 1191 970 reddidi.
1249 900 1308 973 N
1312 924 1355 971 οι

193 1050 196 1057 .
279 997 358 1071 sum
377 994 465 1067 mihi
486 990 631 1089 quidem
652 1014 726 1065 tam
755 988 948 1085 Suffenus,
978 1012 1022 1067 ut
1047 1020 1105 1067 me
1130 998 1168 1068 in
1194 994 1261 1069 his
1297 1022 1355 1069 re⁴

280 1095 349 1167 bus
366 1090 585 1192 plusvidere
612 1090 650 1165 Sc
676 1088 796 1188 sapere
822 1110 973 1188 putem,
998 1115 1106 1190 quam
1134 1110 1192 1167 tot
1222 1093 1355 1169 Viro:

282 1190 463 1277 summos,
519 1189 554 1260 ui
573 1208 655 1262 ante
674 1212 732 1261 me
747 1186 791 1261 ad
815 1188 911 1261 hunc
932 1189 1158 1289 Scriptorem
1177 1189 1355 1265 trastan·

283 1290 375 1363 dum
390 1212 630 1373 accesserunt,
657 1286 788 1384 quibus
806 1309 877 1380 ego
895 1287 1008 1362 me&
1027 1289 1173 1386 ingenio
1193 1288 1235 1363 &
1257 1314 1355 1363 eru·

283 1386 421 1461 ditione
438 1385 545 1483 longe
563 1381 768 1457 inferiorem
788 1382 857 1457 esse
874 1381 901 1455 fi
920 1408 992 1458 non
1010 1383 1260 1480 sentirem,ad
1280 1411 1355 1486 ag·

280 1506 384 1559 natos
402 1484 626 1582 gentilesque
643 1480 874 1582 deducendus
891 1480 1012 1555 essem.
1062 1483 1133 1557 Sed
1159 1486 1355 1583 quemad·

279 1580 436 1657 modum
453 1580 516 1678 qui
545 1577 660 1650 facem
688 1579 765 1653 aliis
792 1577 1023 1675 praeferunt,
1049 1580 1234 1657 interdum
1266 1607 1355 1657 non

282 1698 359 1754 tam
388 1677 450 1749 lon
479 1700 498 1749 e
533 1675 783 1774 prospiciunt,
818 1700 926 1775 quam
952 1680 1015 1777 qui
1040 1705 1135 1778 pone
1158 1678 1355 1771 subeunt,

282 1778 334 1850 ita
353 1772 447 1848 forta
486 1800 502 1848 s
518 1773 642 1873 &ego
661 1774 784 1849 lumen
801 1776 845 1847 ab
862 1775 917 1848 his
935 1779 1136 1875 praelatum
1162 1776 1355 1878 sequutus

281 1872 480 1967 nonnulla,
513 1896 603 1972 quae
629 1871 776 1946 illorum
804 1873 919 1947 aciem
947 1872 1025 1951 effu
1051 1895 1178 1966 erant,
1213 1874 1355 1951 videre

280 1972 402 2071 potui.
428 1970 571 2044 Invitus
591 1970 737 2068 quidem
758 1968 852 2059 feci,
874 1992 916 2044 ut
935 1901 1117 2048 interdum
1135 1975 1180 2047 ab
1201 1974 1246 2047 iis
1264 1974 1351 2048 dis-

280 2070 471 2157 sentirem3
496 2066 554 2142 sed
572 2086 633 2141 aut
652 2068 747 2163 hoc,
772 2068 870 2169 quod
900 2068 995 2165 feci,
1021 2072 1252 2161 faciendum,
1277 2092 1355 2148 aut

282 2168 386 2243 Flori
411 2166 539 2240 edendi
574 2165 764 2241 confilium
792 2168 942 2241 omnino
975 2194 1048 2244 non
1071 2166 1351 2267 suscipiendum

282 2264 367 2341 suit.
414 2264 486 2339 Uti
505 2285 625 2338 autem
646 2290 718 2339 non
737 2265 840 2339 volui
858 2260 1072 2342 dissimulare
1090 2269 1178 2369 quid
1197 2269 1243 2341 de
1258 2269 1348 2359 his,

307 2389 373 2437 uae
391 2389 449 2437 me
469 2362 671 2461 intelligere
700 2363 908 2462 putabam,
925 2364 1117 2455 sentirem,
1154 2368 1205 2440 ita
1228 2365 1346 2439 vicis·

280 2391 348 2535 ihu
368 2460 574 2549 abierant,
609 2460 654 2534 de
685 2462 817 2557 quibus
846 2487 921 2536 non
946 2464 1140 2564 liquebat,
1164 2468 1345 2561 ignoran-

283 2561 368 2633 tiam
388 2556 554 2657 profiteri
572 2581 645 2629 non
671 2556 856 2633 dubitavi:
885 2585 960 2659 quo
985 2564 1134 2635 nomine
1155 2562 1344 2635 neminem

282 2656 407 2757 paullo
451 2656 699 2729 humaniorem
745 2658 834 2729 mihi
871 2656 1124 2734 insultaturum
1164 2658 1341 2731 arbitror.

286 2758 437 2851 Semper
454 2750 604 2847 probavi
623 2749 834 2829 sententiam
853 2755 1138 2845 Glareani,Viri
1159 2758 1219 2829 sua
1237 2774 1339 2829 aeta·

285 2872 323 2928 te
339 2847 550 2937 dodiiisrmi,
576 2853 638 2949 qui
657 2876 772 2951 quum
789 2852 833 2927 ad
861 2856 1027 2929 Suetonii
1054 2854 1256 2929 Domitian.
1282 2854 1336 2929 C.

289 2975 350 3027 tv.
375 2946 593 3035 adnotasset,
618 2973 691 3023 non
708 2952 922 3051 explicatio
946 2950 1332 3046 Commentatoribus,

283 3074 358 3147 quo
374 3042 481 3147 pasto
500 3045 672 3145 praelium
690 3049 815 3123 navale
833 3052 871 3123 in
894 3049 1175 3148 Amphitheatro
1190 3048 1329 3123 ostendi

283 3146 469 3248 potuerit,
503 3145 648 3243 antiqua
675 3144 905 3248 simplicitate
930 3146 969 3220 dt
993 3149 1218 3244 ingenuitate
1241 3148 1329 3221 haec

273 3245 402 3319 addit:
430 3243 545 3315 Pudet
559 3244 644 3317 alios
653 3244 770 3341 fateri
786 3249 1026 3342 ignorantiam.
1079 3248 1147 3335 Sed
1161 3248 1200 3319 id
1211 3246 1325 3341 estpa-

281 3367 357 3417 rum
375 3345 510 3439 ingenui
528 3342 693 3435 hominis,
720 3342 763 3423 ὅ
783 3339 963 3433 dissidentis
973 3345 1043 3438 fibi
1059 3348 1097 3417 itt
1114 3348 1207 3417 aliis.
1253 3346 1323 3419 Lo·

280 3448 400 3513 ctorem
420 3440 478 3512 ubi
495 3441 607 3513 docere
623 3466 685 3513 nort
700 3445 817 3535 potui,
836 3439 962 3537 saltem
989 3444 1165 3517 admonere
1186 3468 1246 3517 non
1264 3447 1322 3537 pi·

274 3542 362 3635 guit.
415 3537 453 3611 Si
468 3537 631 3612 eamdem
648 3538 822 3612 rationem
842 3536 984 3637 sequuti
1010 3538 1155 3616 fuissent
1182 3565 1321 3631 omnes,

278 3639 342 3807 qui
363 3630 429 3708 sibi
448 3634 650 3737 Scriptores
680 3654 817 3709 veteres
840 3636 1076 3734 explicandos
1100 3638 1321 3732 sumserunt,

305 3734 417 3809 udum
443 3758 504 3811 eos
528 3735 654 3809 multis
675 3732 764 3806 locis
789 3733 954 3831 melius,
1005 3761 1087 3811 uam
1111 3760 1238 3831 nunc,
1268 3739 1322 3812 iu·

275 3832 537 3937 telligeremus,
588 3832 807 3929 Numquam
822 3832 964 3913 enimd
999 3856 1089 3933 unt,
1114 3836 1177 3941 qui
1188 3834 1241 3913 vel
1257 3860 1324 3957 cq-¹

1236 3964 1244 3974 .
1263 3954 1324 4040 Pl:
