2850 4767
210 241 995 382 ⁴·AnLocT0REM

110 475 262 572 poffent,
287 495 361 564 cunt
377 473 420 554 ὅ
441 471 525 566 ipsos
548 473 757 568 pauciffirnos
774 474 835 566 effe
846 472 996 568 scirent,
1022 495 1189 570 quoscum

112 572 247 670 'legendi
266 569 308 651 Θ
328 571 472 668 discendi
490 588 664 670 tangeret,
687 589 760 669 quae
786 570 947 668 fufiffirno
978 573 1191 668 abantiquis

119 676 274 744 trabbota
295 671 462 766 fuerant,
489 675 550 765 ipst
578 671 841 762 contrahebant,
866 669 947 765 quia
971 669 1114 765 fastidio
1132 669 1194 766 sui

119 771 303 866 temporis,
327 773 386 841 vel
393 774 508 864 potius
525 775 678 858 inertie,
703 765 825 864 rentse
847 780 985 865 gratans
1005 768 1121 862 facere
1136 774 1193 842 in·

120 869 329 962 telligebant.
378 869 539 940 Leituros
564 871 681 962 quippe
690 869 759 964 suc
778 891 840 940 non
863 869 968 937 aliter
992 867 1193 961 babuiffent.

124 970 176 1038 Ut
192 980 305 1036 autern
317 969 504 1060 precipuus
531 965 575 1057 est
602 967 686 1057 finis
711 989 823 1038 eorutn
848 967 906 1062 qui
931 965 1064 1060 aliquid
1084 970 1196 1041 literis

121 1065 288 1136 mandunt
306 1065 392 1159 q'uocl
415 1067 586 1135 vibiurum
610 1067 806 1157 opinentur,
829 1063 959 1154 famant
980 1061 1071 1163 apud
1085 1083 1192 1158 popu-

123 1165 218 1250 lum,
243 1162 411 1256 quo'dobbi
436 1161 640 1250 videantur,
666 1166 808 1254 mereri,
834 1163 933 1258 idque
956 1183 1058 1232 unuin
1086 1185 1192 1234 oucu-

116 1261 271 1354 pcntu'r;
313 1275 420 1356 toturn
436 1262 475 1331 id
487 1259 625 1351 pendere
642 1284 714 1333 cum
734 1275 901 1333 cernerent
919 1284 941 1331 a
953 1258 1053 1356 gustu
1070 1258 1115 1339 &
1125 1259 1191 1354 ju·

121 1360 211 1431 'dicio
229 1360 407 1446 lectorum,
424 1357 517 1454 sctis
527 1355 646 1454 facere
659 1362 705 1432 eis
721 1361 937 1431 conabuntur.
970 1359 1057 1430 Alia
1075 1361 1138 1429 vic
1156 1358 1196 1429 id

123 1460 271 1529 obtineri
294 1479 357 1527 non
378 1473 539 1550 poterat,
567 1479 667 1553 quaen
693 1473 733 1528 ut
748 1456 958 1554 scriberetur
982 1455 1071 1552 quob
1091 1457 1195 1553 legere

122 1549 251 1652 aliquis
267 1555 475 1650 dignaretur.
524 1557 622 1629 Num
633 1575 698 1649 pro
713 1571 812 1651 captu
829 1557 1030 1652 legentium,
1055 1568 1095 1625 ut
1105 1553 1195 1651 sata

120 1657 207 1727 libri
224 1652 377 1744 babent,
406 1657 458 1724 ito
483 1652 526 1734 (θ
553 1655 716 1740 librorum
739 1661 899 1746 entiores.
948 1655 1043 1726 Hecu
1069 1652 1195 1747 deſsdia

119 1768 208 1824 nota
225 1748 270 1842 est
288 1753 505 1840 scribentium
523 1775 564 1824 ex
588 1752 965 1849 ignaviastudentiunt.
1015 1752 1197 1844 Imperitia

118 1845 244 1936 deinde
257 1871 297 1919 ex
313 1850 421 1920 eodem
422 1847 520 1944 fonte
533 1851 679 1922 ebulliit.
729 1853 808 1951 Qui
824 1851 912 1921 dotti
924 1873 959 1922 eo
973 1865 1117 1942 ternpore
1134 1854 1195 1922 vi·

121 1951 199 2041 deri
215 1947 396 2042 uolebant,
424 1947 467 2028 [i
486 1953 545 2045 qui
562 1949 601 2020 id
622 1961 744 2021 nomen
756 1959 798 2020 en
814 1951 932 2019 rnerito
947 1949 1070 2020 babere
1088 1952 1193 2026 oticno

115 2058 303 2141 poterant,
327 2069 401 2116 cunc
428 2052 582 2143 antiquos
602 2047 783 2142 scriptores
792 2045 908 2142 jacere
932 2045 1117 2138 viderent,
1152 2046 1192 2117 ob

116 2144 306 2242 grandiora
325 2165 455 2236 operum
472 2147 674 2232 vobuminn,
701 2167 785 2240 quoe
811 2146 1048 2240 reliquerant,
1083 2166 1190 2216 rensc·

120 2243 217 2314 elium
232 2243 371 2336 aliquod
385 2267 425 2313 ex
442 2241 625 2333 neceffltote
642 2247 880 2338 quaesterunt,
905 2266 966 2338 quo
990 2244 1069 2314 illos
1091 2245 1194 2340 vulgo

122 2342 298 2413 traderent
317 2338 507 2437 noscendos,
526 2337 626 2438 seque
641 2341 869 2431 eadem'opera
896 2357 988 2413 notos
1010 2345 1047 2411 in
1072 2343 1195 2436 vulgus

122 2443 258 2512 durent.
287 2440 364 2512 Nee
380 2464 443 2511 uno
459 2440 553 2510 rnodo
568 2461 674 2512 omnes
690 2443 729 2511 in
748 2463 784 2510 eo
800 2443 926 2535 negotio
942 2437 1074 2534 versuti
1108 2455 1193 2529 unt,

125 2555 165 2613 ut
182 2539 220 2610 iel
238 2539 327 2634 quod
340 2539 523 2632 captabant
540 2537 822 2634 consequerentur.
857 2538 1012 2636 ‚Quidam
1028 2539 1064 2631 ip
1079 2561 1113 2608 os
1128 2559 1194 2611 au·

125 2645 229 2709 tiores
245 2641 281 2708 in
298 2641 457 2730 epitomen
474 2637 690 2732 redegerunt,
717 2642 794 2730 ipfis
811 2643 984 2709 nullorum
1001 2635 1192 2730 verbisser·

125 2739 251 2827 occis,
286 2751 348 2805 aut
368 2736 509 2828 paulurn
533 2739 735 2830 immutatis.
788 2735 870 2806 Alii
892 2734 1068 2807 breviario
1087 2757 1191 2828 quoe·

127 2837 206 2911 tam
218 2837 354 2928 proprio
364 2833 445 2926 stilo
465 2833 693 2930 confecerunt,
719 2857 760 2905 en
778 2836 891 2906 uariis
902 2831 1125 2929 scriptoribus
1134 2859 1192 2906 eu·

126 2933 281 3025 serpendo
308 2931 395 3026 quod
416 2937 452 3004 in
478 2957 548 3005 reru
574 2933 760 3004 videretur.
811 2935 981 3005 Nonnulli
1006 2935 1098 3028 quast
1121 2958 1197 3006 cen·

127 3047 220 3103 tunes
246 3022 518 3126 consarcinorunt
552 3055 592 3101 en
626 3033 780 3124 pluribus
796 3029 1019 3128 scriptoribus
1046 3031 1198 3126 quirent

113 3131 262 3202 ¹eandem
279 3132 496 3216 trabebant,
521 3133 593 3201 clia
611 3132 654 3200 ab
671 3129 746 3218 bis,
773 3132 846 3201 abia
865 3131 997 3202 abillis
1013 3127 1198 3226 sumendo,

126 3253 166 3324 ec
185 3249 299 3322 corpus
316 3251 438 3316 unum,
466 3227 634 3299 hincinde
654 3229 796 3300 collebis
821 3231 941 3300 alienis
964 3230 1118 3302 membris
1135 3243 1200 3302 aut

125 3328 347 3398 membrorum
359 3329 559 3421 particulis,
589 3325 813 3399 condiderunt.
862 3329 922 3398 Ita
949 3325 1093 3423 Digesto
1122 3351 1199 3401 con·

126 3431 239 3497 texuit
261 3425 503 3514 Tribonionns,
528 3450 568 3494 ex
580 3427 743 3517 plurimis
768 3422 1090 3522 Jurcfconsultorunt
1113 3451 1202 3498 corn·

126 3526 304 3595 mentariis
322 3522 363 3601 [i
385 3521 530 3614 scriptis.
581 3527 659 3595 Alii
671 3544 734 3616 per
753 3527 835 3595 locos
854 3546 1037 3594 communes
1061 3524 1198 3622 diffle-

113 3635 208 3695 runt
226 3621 395 3715 quidquid,
396 3619 569 3716 praeclari
584 3624 621 3692 in
639 3622 828 3692 cultoribus
845 3622 1060 3716 occurrebat,
1086 3623 1199 3722 &sech

115 3733 232 3792 certos
249 3741 289 3788 ac
302 3719 472 3815 generales
483 3717 603 3790 titulos
613 3771 634 3812 ,¹
650 3743 735 3814 quae
749 3745 789 3791 ex
799 3722 912 3790 variis
928 3719 1202 3817 delineaverunt,

113 3817 356 3910 ¹congefferunt.
406 3815 481 3887 Hoc
499 3817 604 3886 modo.
618 3815 811 3912 universam
835 3817 1025 3911 Historiam
1052 3817 1201 3895 Graecu-

115 3919 235 4022 ,prm
262 3919 433 4010 concerpstt
464 3911 1038 4090 (constantinusl-{Pcrpbyrogenetu-
1098 3923 1202 4019 Cujus

116 4057 127 4084 s
189 4057 205 4090 o
738 4037 756 4086 Γ
780 4039 798 4088 1¹
822 4035 847 4113 5
1149 4025 1204 4098 la·
