2850 4767
250 150 1028 245 PRAEFATIO:

105 334 252 427 piditate
276 334 462 435 gloriae,
493 358 575 433 quo
592 331 669 408 aliis
690 330 872 407 doctiores
888 330 1114 428 videantur,
1138 335 1201 412 vel

105 434 215 506 ludio
234 458 328 527 eos,
386 436 435 508 ui
456 435 498 507 in
518 432 636 505 literia
664 430 843 531 proficere
869 431 1056 531 eupiunt,
1090 431 1199 532 adju·

107 528 226 643 randi,
258 460 482 609 oembone
499 528 712 642 hujusmodi
734 528 919 643 praebita,
944 552 1071 641 omnes
1090 530 1196 629 inge·

104 654 146 703 nu
164 654 309 705 nervos
331 630 382 705 ad
414 628 580 718 nodos,
615 652 676 727 qur
706 628 784 701 alus
815 627 1004 727 cxplrcatu
1027 624 1196 705 drfficiler

102 728 314 819 ridentur,
340 725 611 828 expediendos
636 724 834 801 intendant.
884 725 919 799 E
945 729 1194 803 monumentis

101 825 279 916 rctustis,
307 826 461 926 quibus
483 826 669 900 Graevius
685 849 728 899 ac
744 822 915 923 deinceps
922 822 983 897 alii
1001 822 1194 901 Editionee

101 924 172 999 snas
189 943 515 1013 exornaverant,
543 923 633 996 mihi
657 922 749 996 nihil
766 922 803 994 in
819 922 912 995 banc
928 918 1193 1000 conferendum

99 1023 221 1097 risum
251 1021 330 1099 fuit
352 1043 517 1123 practer
544 1020 765 1097 Columnam
791 1018 1033 1111 Rostratam,
1067 1046 1191 1120 quae,

99 1118 164 1195 nili
184 1120 372 1197 detractis
400 1116 625 1219 quibusdam
642 1142 689 1192 ex
715 1120 963 1193 Annotatione
990 1118 1193 1195 Graeviana

103 1220 254 1315 verbis,
277 1221 423 1295 omitti
442 1243 522 1291 non
545 1236 707 1315 poterat:
734 1241 851 1304 cum,
877 1240 923 1289 ne
940 1214 1055 1306 liber,
1080 1240 1191 1315 quem

109 1316 150 1392 ic
176 1342 342 1417 quoque
375 1315 469 1391 satis
487 1312 632 1417 spillum
649 1314 729 1391 fore
743 1314 945 1405 videbam,
978 1317 1016 1387 in
1043 1314 1192 1391 nimiam

106 1418 247 1489 molem
263 1412 541 1509 excresceret,
573 1432 653 1489 tum
674 1468 686 1503 ,
720 1436 766 1486 ne
783 1416 942 1513 pretium
959 1411 1057 1487 illiue
1084 1411 1192 1512 supra

105 1515 266 1589 modum
288 1538 335 1586 ac
366 1509 648 1603 necellitatem,
682 1535 758 1585 non
784 1513 942 1585 maxima
957 1535 1042 1584 cum
1064 1534 1190 1584 emen·

103 1618 204 1685 rium
224 1612 430 1703 utilitate,
458 1632 664 1710 augeretur.
690 1609 757 1683 Ob
776 1608 914 1683 easdem
934 1607 1053 1683 causas
1069 1632 1188 1709 neque

101 1711 314 1809 Epitomas
333 1708 547 1783 Librorum
566 1709 667 1782 Livii
693 1706 866 1783 addendas
893 1708 1051 1805 putavi,
1082 1732 1187 1821 prae·

101 1805 517 1979 fflffliihiss‘
542 1802 1187 1979 tl¹thllhss⁰htllllhl⁶

509 1957 520 1994 ‚
1166 1942 1185 1961 .

103 2024 183 2079 tur.
242 2002 397 2077 Addidi
415 2025 538 2077 tamen
569 2004 616 2077 L.
634 2001 798 2101 Ampelii
827 2002 1016 2077 Libellum
1043 2026 1186 2075 memo·

103 2105 240 2177 rialern
262 2156 279 2195 ‚
308 2102 434 2200 magia
462 2102 545 2201 quia
565 2125 606 2175 ea
628 2122 711 2215 erato
730 2100 898 2175 voluntas
923 2099 1185 2213 bibliopolae,

101 2195 1188 2394 {latttr‘ss'trttss‘jllttffihhl”tmdttlltttlt

109 2394 187 2469 sua
205 2392 388 2466 Editione
402 2394 507 2468 Flori
533 2396 638 2470 exclu
654 2420 746 2471 erat.
795 2394 894 2488 Quis
911 2388 1023 2465 fuerit
1044 2392 1184 2491 Ampe·

113 2496 195 2567 lius
210 2490 315 2581 este,
342 2494 484 2591 quaerit
501 2494 536 2567 in
557 2488 1000 2585 PraefatioucS‘almafius,
1026 2492 1184 2590 quicum

114 2594 268 2689 primus
287 2591 511 2688 publicavit.
561 2592 647 2667 Nec
672 2592 788 2667 habeo
813 2592 996 2684 certiora,
1029 2615 1120 2690 quae
1136 2591 1184 2667 de

119 2714 163 2763 eo
180 2692 321 2765 dicam.
377 2691 513 2764 Sauaro
530 2690 575 2763 ad
593 2690 783 2765 Sidonium
801 2690 924 2762 Carm.
954 2712 1012 2763 rx.
1038 2715 1076 2761 v.
1098 2710 1182 2789 301.

120 2791 185 2863 ubi
213 2786 424 2958 Ampcl'ss
438 2808 681 2879 memoratur,
707 2788 832 2865 scribit
850 2786 895 2859 dc
912 2788 1087 2886 Ampelio
1113 2788 1184 2862 ho·

128 2886 281 2963 norilice
310 2888 377 2985 loq
449 2887 709 2985 Symmachum
735 2914 772 2961 v.
792 2886 910 2985 Epist.
935 2896 997 2981 ⁶4
1024 2884 1124 2978 (add.
1147 2910 1186 2957 v.

130 2984 245 3084 Epist.
263 2981 352 3083 52.)
387 2986 431 3060 δί
459 2984 622 3083 Ampelii
647 3011 756 3085 opera
783 2989 874 3064 MS.
900 2984 1039 3059 exstare
1068 2982 1186 3055 inBi·

131 3082 307 3159 bliotheea
330 3085 370 3157 S.
400 3085 561 3181 Benigni
596 3084 837 3161 Divionenfis.
898 3085 937 3157 Si
965 3080 1187 3157 existimavit

132 3182 291 3258 cumdem
319 3180 395 3256 ell'e
421 3180 661 3279 Ampelium,
686 3187 791 3281 cuius
806 3184 1050 3259 meminerunt
1077 3181 1187 3255 Sido·

131 3284 200 3357 nius
217 3284 258 3357 dt
278 3278 563 3383 Symmachus,
587 3304 659 3353 non
678 3285 823 3357 videtur
851 3278 956 3354 valde
980 3276 1187 3353 adcuratam

130 3384 296 3456 rationem
317 3380 512 3479 temporis
530 3378 693 3477 poluiffe.
743 3382 848 3455 Nam
867 3378 1077 3477 Symmachi
1096 3378 1188 3475 Epi·

126 3480 203 3557 llola
224 3480 271 3553 ad
288 3480 497 3563 Felicem,
527 3479 566 3547 in
583 3479 712 3575 quade
729 3477 905 3576 Ampelio
923 3478 998 3575 agit
1020 3530 1031 3566 ,
1057 3474 1191 3573 scripta
1215 3500 1223 3511 ·

123 3580 165 3655 eli
186 3578 258 3657 sub
285 3576 402 3653 linem
434 3572 576 3647 saeculi
605 3580 719 3672 quarti
748 3572 973 3664 Christiani,
1016 3592 1060 3647 ut
1085 3594 1192 3671 putat

116 3680 183 3779 Jac.
201 3672 491 3757 Gothofredus
512 3672 553 3743 in
567 3670 675 3745 Proso
702 3674 879 3772 ographia
897 3668 1046 3748 Codicis
1063 3670 1192 3745 Theo-

115 3780 177 3875 ‚dol
195 3800 420 3885 exfleaque,
451 3770 502 3846 &
522 3764 636 3842 altera
652 3699 699 3846 ad
709 3775 929 3867 Paternum,
953 3766 1196 3846 constatAm·

1129 3890 1199 3971 per
