2850 4767
275 264 1026 376 remunito

105 476 172 525 una
192 474 286 523 cum
310 452 408 523 meis
425 448 527 523 dedi.
551 452 694 528 Paucae
710 478 849 550 tamen,
874 462 1066 556 duae‚.aut
1082 471 1181 547 sum·

103 575 206 623 mum
225 570 328 639 tres,
354 550 523 646 opinor,
539 573 586 622 ex
605 556 818 652 Appendice
837 562 879 633 N
882 584 1025 641 orarum
1044 570 1183 646 Salma-

101 648 140 719 lii
154 644 313 720 omissae
330 645 443 719 sunt:
471 650 669 745 quoniam,
694 677 807 751 quum
823 660 901 756 Jam
923 659 1031 738 semel
1052 668 1182 745 iisdem

187 770 212 817 e
229 744 364 819 verbis
381 744 460 819 suis
477 746 572 819 locis
601 749 829 847 legerentur,
862 782 936 829 non
961 762 1054 837 bene
1081 767 1181 842 idem

122 844 249 917 irdici
271 864 446 943 poterat.
507 844 559 917 Et
589 850 721 937 miror,
746 876 812 925 cur
836 855 1028 934 Salmafius
1054 862 1179 939 eadem

95 942 144 1014 bis
163 941 337 1015 scribere
355 942 549 1030 voluerit,
576 944 644 1017 nifi
661 946 902 1049 forte,quum
920 960 1180 1056 Appendicem
1273 1005 1279 1015 ·

87 1038 305 1134 scribebat,
332 1063 404 1127 ea,
434 1064 532 1139 quae
547 1060 632 1114 ante
649 1068 913 1123 commentatus
936 1053 1076 1147 fuerat,
1103 1083 1179 1135 non

87 1137 270 1235 inspexit.
332 1137 542 1210 Variarum
570 1138 788 1218 Ledlionum
817 1148 1005 1226 Libellum
1030 1156 1178 1233 seorsim

83 1234 406 1325 conficiendum,
438 1236 541 1333 quod
560 1238 827 1318 Freinshemius
843 1245 1087 1341 fecerat‚non
1103 1282 1175 1355 pu·

84 1338 185 1429 ravi,
213 1335 425 1433 maluique
456 1358 516 1406 eas
550 1337 589 1408 in
615 1337 706 1435 ipsas
739 1344 1099 1445 Animadversiones,
1140 1358 1179 1429 in

82 1434 223 1532 quibus
234 1435 368 1506 etiam
387 1433 441 1504 de
458 1431 503 1505 iis
518 1432 790 1531 disputabatur,
816 1443 1006 1539 conferre,
1017 1474 1086 1538 ne,
1112 1454 1177 1551 qui

80 1534 167 1607 talia
184 1531 325 1629 legere
348 1530 514 1617 volunt,
539 1530 607 1605 etfi
626 1532 663 1605 hi
687 1542 792 1633 pauci
817 1539 921 1631 sunt,
949 1546 1115 1647 plerique
1134 1576 1176 1623 c·

80 1634 156 1703 nim
176 1629 230 1703 ad
253 1631 324 1703 has
342 1630 479 1727 epulas
496 1629 685 1723 nauseant,
708 1659 776 1730 ne,
800 1639 970 1739 inquam,
996 1646 1052 1719 illi
1078 1647 1172 1721 sem·

79 1755 146 1831 per
164 1728 358 1803 libellum
378 1729 555 1802 variantis
581 1728 780 1829 scripturae
804 1738 960 1813 indicem
981 1746 1172 1839 evolvere,

80 1831 120 1903 dt
136 1852 319 1926 quorum
337 1823 528 1899 librorum
544 1852 586 1901 ea
603 1828 780 1929 scriptura
795 1834 904 1929 esset,
928 1842 974 1916 de
996 1868 1067 1942 qua
1090 1848 1171 1944 agi·

81 1950 167 2015 tur,
227 1946 389 2038 uaerere
408 1946 643 2041 cogerentur.
668 1928 901 2031 Quamquam
919 1961 1039 2014 autem
1058 1943 1097 2015 in
1113 1946 1170 2019 hit

83 1952 351 2101 describendo
371 2022 415 2095 dt
434 2020 629 2137 referendis
645 2050 814 2141 quantam
833 2040 940 2131 potui
958 2039 1107 2114 adhibui
1117 2044 1173 2115 di·

85 2124 320 2223 ligentiam,
350 2140 477 2195 tamen
492 2120 620 2197 deinde
637 2130 965 2221 animadverti‚me
983 2141 1169 2216 interdum

86 2222 243 2321 lapsum
261 2220 396 2331 suiffc,
421 2218 462 2293 ὅτ
486 2223 610 2335 paucis
637 2224 850 2341 quibusdam
880 2233 993 2326 locis,
1017 2244 1173 2347 quaein

91 2318 732 2531 liidiidbiil‘lvllnlliiilm
745 2326 915 2499 §llll
924 2334 1170 2519 ἰεἶὲἓῗιῖωὲἒ

96 2516 229 2629 vulgo
249 2514 420 2589 omnibus
434 2515 593 2607 accidit,
605 2522 668 2618 qui
685 2541 723 2591 rn
737 2523 884 2620 ingrato
903 2526 1065 2602 &taedii
1086 2532 1165 2629 ple-

98 2614 1167 2824 all'sslbtllllllllffllzltllllllsslj

102 2810 161 2887 vel
179 2812 326 2885 multae
343 2810 568 2885 conlationes
586 2812 836 2892 describendae
850 2748 945 2895 sint.
972 2824 1071 2895 Illud
1091 2826 1165 2901 Le·

107 2906 243 2983 &orem
263 2910 427 2983 celatum
448 2932 523 2981 non
537 2910 650 3007 volo,
675 2937 756 3003 mc,
772 2942 886 3015 quum
906 2922 1067 3018 primum
1085 2946 1165 2996 cre·

109 3006 269 3083 didiffem
287 3008 487 3103 Tollium,
513 3006 553 3082 &
569 3033 676 3105 eum,
700 3016 764 3111 qui
782 3016 940 3091 Codices
957 3017 1102 3115 Regios
1125 3046 1167 3094 e·

113 3108 294 3201 volverat,
320 3129 473 3180 munere
488 3106 700 3185 conferendi
719 3110 888 3188 adcurate
903 3112 1049 3189 fundos
1077 3115 1163 3193 fuis-

112 3202 162 3299 se,
184 3204 296 3281 idest
312 3207 393 3297 ita,
418 3224 464 3278 ut
480 3205 573 3278 nihil
590 3230 717 3283 eorum
734 3214 996 3308 praeterirent,
1047 3240 1112 3287 uae
1128 3220 1166 3294 in

113 3300 201 3379 libris
218 3304 368 3405 scriptis
391 3303 504 3377 aliter
528 3302 766 3404 legebantur,
790 3334 900 3407 quam
927 3312 963 3383 in
1053 3316 1166 3391 itione

113 3400 272 3493 Graevii,
297 3428 387 3479 cum
408 3426 486 3503 qua
501 3400 585 3475 illos
602 3405 907 3575 comffiumnt'
932 3408 1060 3484 deinde
1085 3438 1165 3489 cer.
1229 3433 1233 3444 ·

113 3500 234 3579 tiffimis
249 3502 480 3605 argumentis
499 3497 680 3599 deprehen
748 3528 792 3595 e,
816 3529 878 3579 eos
905 3506 1079 3582 nonnulla
1100 3538 1165 3589 ne.

104 3601 251 3697 glairse.
306 3604 420 3697 Quae
441 3622 502 3675 res
519 3598 610 3673 mihi
632 3625 927 3703 nonnumquam,
952 3608 1110 3684 maxime
1125 3614 1165 3688 in

99 3700 200 3784 labro
214 3704 351 3808 primo
360 3694 536 3792 ,errandi
552 3698 688 3774 causam
706 3700 879 3797 praebere
895 3706 1018 3804 potuit
1028 3730 1166 3806 ,quum

93 3832 199 3886 onnes
211 3804 390 3907 scriptos
408 3802 456 3873 in
474 3794 633 3893 aliquam
652 3798 848 3875 lectionem
859 3802 1058 3878 consentire
1075 3806 1166 3883 dixi.

86 3906 173 3993 Nam
186 3904 410 4013 postquam
443 3892 489 3973 id
510 3892 599 3971 mihi
626 3895 735 3977 semel
762 3897 947 3999 suboluit,
971 3900 1017 3976 de
1035 3908 1168 4077 qrplin
1221 3933 1226 3941 ¹

134 4020 140 4031 .
197 4046 200 4053 Ι
305 4034 309 4045 ,
1136 4027 1169 4075 ¹·
