2850 4767
277 323 516 400 Lrsurt
565 323 637 401 IV.
686 305 836 400 Car.
887 325 941 402 V.
1029 348 1145 444 ψῃ

64 439 208 516 litiae
227 440 464 541 persolvebat.
517 441 669 540 Semper
684 439 768 515 alias
786 443 937 516 Antonii
954 437 1139 559 pessimum
1150 483 1178 541 ι

739 585 743 590 ’
1058 563 1062 569 ’
1084 568 1141 619 rn-

81 747 220 814 antiquis
234 745 380 812 codicibus,
398 746 552 798 recedamus.
580 747 613 798 ll·
640 761 717 862 poam
749 746 820 813 quod
851 744 996 814 scripsimus.
1032 754 1144 805 Sunt.

82 817 164 862 lam
213 811 348 862 castrorum
377 811 615 878 significationem,
659 827 737 880 anper
750 813 814 862 aliae
829 816 933 862 Antonii
947 812 1142 880 pefflnarsiage·

89 885 191 942 quarn
205 877 247 924 vir
267 877 366 926 illustris
386 875 514 940 ostendit,
538 875 556 926 sr
579 891 614 926 re·
640 879 725 942 niun]
744 875 823 926 sico.
842 875 1013 926 Pall.accedit
1031 877 1073 926 ed.
1094 895 1141 927 no-

88 939 247 1005 psadiemus
263 939 304 988 hie
318 937 387 998 loci,
413 939 475 989 nihil
491 941 572 990 verius
588 955 616 990 o·
640 938 685 988 lira
700 954 781 990 vetur.
796 954 856 990 uam
871 955 917 1002 ea,
933 943 1007 991 aliter
1022 946 1081 992 Ant.
1096 939 1140 990 As-

90 1005 220 1070 pinione
235 1003 321 1070 Lipsri.
359 1008 425 1054 Nam
439 1005 509 1054 nulla
530 1006 557 1054 in
577 1017 615 1053 ca·
641 1001 732 1054 sentior
745 1003 1142 1071 auternomninosalmasio,qoi

92 1067 168 1116 siris
188 1069 297 1132 praemia
319 1067 442 1117 veteranis
465 1066 520 1119 suut
542 1067 598 1118 data
639 1065 790 1137 πόρῃ
802 1067 877 1134 ipsius
891 1067 1143 1132 audiorishiclaguo·

95 1127 157 1180 sed
176 1132 204 1179 in
222 1145 348 1182 consentu
376 1133 562 1184 triumvirorum
583 1101 616 1180 aas
637 1128 1144 1202 scir,quodequidemclatesatisarguuut

95 1193 296 1244 Confluentem
312 1196 430 1244 coloniae
445 1196 475 1244 iis
497 1194 553 1248 sunt
571 1191 614 1244 de·
637 1195 679 1247 illa
690 1195 761 1248 verba
770 1213 831 1246 uxor
838 1195 961 1263 agitabat.
969 1201 1032 1264 quae
1039 1193 1144 1262 quidem

95 1271 204 1308 cretae.
229 1263 251 1308 G
262 1271 281 1311 n
293 1267 370 1310 arv.
410 1258 509 1310 Deinde
532 1271 615 1310 autem
626 1316 628 1318 ,
638 1263 664 1311 in
672 1261 785 1312 editione
795 1259 874 1310 modo
883 1257 983 1310 laudata
998 1257 1049 1308 line
1057 1259 1143 1308 uomi-

98 1329 190 1372 Bruro
221 1321 245 1370 δι
265 1323 348 1372 caffio
368 1323 439 1373 vidis
461 1325 514 1389 agri
535 1324 566 1372 iis
589 1319 1078 1392 in'neFulvialeguutur,quodipsum
1093 1318 1143 1372 sus·

97 1387 186 1436 ltalia
200 1381 252 1434 dati
268 1386 333 1436 sunl.
350 1387 400 1436 Dio
414 1400 521 1438 vaul.
537 1387 614 1454 princ.
639 1391 766 1456 piciouem
780 1389 845 1437 mihi
861 1401 964 1450 movet,
982 1387 1008 1436 δι
1021 1385 1086 1436 illud
1099 1401 1145 1436 vo·

102 1449 135 1498 δι
153 1453 265 1513 Appian.
285 1466 338 1499 ιιι.
358 1451 414 1502 Cir.
425 1469 481 1508 590·
492 1451 546 1499 &u
558 1460 614 1509 ⁶72.
637 1453 753 1504 rabulum
766 1449 909 1502 altrinsecus
921 1448 1047 1502 accessisse.
1072 1455 1145 1503 Prae·

102 1519 140 1564 Iri
166 1514 352 1576 castriretiam
373 1512 481 1563 delenda
501 1511 616 1563 censebat
639 1530 704 1568 terea
718 1515 846 1584 sequentia
867 1523 952 1567 irena
975 1518 1000 1564 in
1020 1531 1090 1564 arna
1109 1519 1144 1563 ἱε-

102 1578 194 1628 Gerlr.
212 1578 307 1628 vosfius
321 1581 346 1626 δι
359 1574 487 1627 uidebatur
507 1573 615 1646 probasse
640 1595 700 1641 rat,
718 1595 809 1648 nempe
824 1579 878 1648 post
897 1579 993 1630 bellurn
1013 1581 1143 1630 Mutinen-

102 1645 168 1701 ειυς
182 1638 334 1691 sententiam
352 1638 456 1691 lsaacus.
508 1643 616 1691 Pretium
641 1645 679 1694 se:
699 1645 740 1704 δι,
753 1648 807 1708 jasa
821 1662 865 1693 non
876 1648 1002 1714 privaris,
1009 1642 1055 1703 sed
1067 1646 1142 1694 torius

104 1721 160 1774 pro
176 1707 291 1770 praefluo
306 1705 409 1764 obvium
424 1703 468 1754 est.
488 1707 545 1754 Vid.
565 1701 615 1752 lad.
633 1709 867 1783 senatussuffrags's'a
883 1708 1019 1770 judicatura
1038 1709 1142 1768 hasten:
1219 1713 1222 1717 ’

105 1770 206 1818 Paulus
226 1773 243 1819 l.
269 1784 307 1818 ιι.
322 1783 363 1838 pr.
390 1769 425 1820 D.
445 1767 473 1818 de
494 1771 616 1821 Evisiian.
641 1773 701 1822 item
719 1771 870 1840 sequenrrta

106 1833 157 1883 har
179 1831 320 1899 paffefflanea
342 1869 348 1882 .
368 1869 374 1880 .
394 1869 400 1881 .
422 1870 427 1881 .
444 1835 536 1900 partire
553 1845 616 1881 vere·
641 1840 712 1885 tiones
726 1835 753 1885 de
768 1839 796 1885 iis
811 1839 852 1902 qui
857 1788 889 1897 se)

106 1900 184 1946 ranis
199 1901 223 1947 in
237 1897 348 1963 praemia
361 1895 508 1961 adfignaras.
640 1901 726 1948 omnia
759 1902 863 1965 inquam
872 1930 881 1957 ‚
901 1899 962 1948 haec
976 1913 1140 1964 convincunt,

150 1979 172 2010 2.
194 1962 287 2026 Semper
320 1963 382 2010 alias
418 1963 487 2008 Latis·
513 1961 616 2010 Antonii
640 1964 713 2013 Floro
728 1935 870 2014 sermonem
884 1959 932 2012 else
946 1960 978 2011 de
1003 1969 1039 2012 M.
1058 1969 1141 2012 Anto·

103 2024 228 2093 peffinusa
243 2025 382 2088 ingenium]
398 2023 485 2074 Laudo
500 2038 615 2074 conatum
640 2028 683 2076 nio
692 2059 701 2086 ,
719 2043 770 2076 non
784 2027 859 2076 fratre
875 2028 926 2086 ejus
947 2028 1035 2076 Lucio.
1053 2041 1141 2094 quam·

108 2084 342 2138 eruditissimorum
358 2089 474 2138 Virorum
483 2089 544 2157 ,qui
557 2089 616 2155 piis·
642 2093 677 2139 vis
692 2089 807 2140 historiae
821 2103 910 2139 omnes
923 2088 973 2140 fide
989 2089 1081 2156 dignae
1095 2106 1140 2156 po-

108 2153 250 2210 finsarahic
271 2147 438 2216 reposuerant.
463 2168 508 2201 uos
533 2166 617 2201 tamen
642 2153 737 2204 lleriori
758 2154 816 2203 huic
836 2151 864 2202 id
890 2151 1007 2203 tribuant.
1032 2159 1140 2204 Grutero

110 2233 167 2266 non
182 2216 283 2281 culpam
300 2213 409 2274 librarii,
427 2215 470 2264 led
484 2213 617 2265 hallucina·
642 2231 725 2267 tamen
741 2216 853 2284 placebat
876 2217 976 2267 Florum
997 2214 1092 2266 sensisse
1107 2214 1144 2268 de.

110 2283 215 2330 tionem
240 2279 317 2344 ipsius
336 2279 441 2329 aridioris
463 2274 617 2329 anirnadver·
642 2281 942 2347 Luci05movebarurque
956 2279 1025 2350 quod
1038 2286 1075 2331 M.
1086 2288 1141 2332 Au·

109 2347 204 2394 timus.
230 2357 290 2392 narn
323 2345 435 2409 optimus
462 2341 524 2392 liber
552 2345 619 2392 Lucii
643 2347 724 2396 tonius
738 2361 789 2396 ιιοιι
804 2344 883 2394 modo
900 2342 1141 2412 nonpelstm02sed

111 2425 167 2458 uon
183 2405 270 2456 habet.
289 2407 314 2454 in
329 2423 380 2472 quo
396 2410 429 2455 ita
444 2408 548 2472 legitur:
557 2409 618 2468 sere·
644 2425 674 2458 ne
683 2411 751 2459 malo
761 2409 865 2473 quidem
872 2410 977 2474 iugenio
985 2409 1141 2473 suerit,l’lu-

111 2491 157 2538 per
171 2473 353 2519 aliasalnranir'
365 2470 478 2532 offanum
493 2473 618 2536 ingenium,
642 2475 727 2522 rarclao
750 2473 828 2536 teste,
846 2475 908 2522 item
930 2489 960 2522 ue
987 2474 1140 2540 imperatore

114 2537 209 2586 Fuluia
222 2533 760 2608 gladiociniiaur'rilismilitiae,.clprrdio.
810 2535 858 2588 Sed
880 2489 1000 2603 posserius
1027 2539 1144 2590 testimo·
1227 2561 1230 2567 ·

112 2615 179 2648 uxor
193 2597 320 2666 agitabat.
339 2615 386 2648 vox
403 2613 463 2647 arar
483 2611 566 2662 aperte
580 2601 617 2648 in·
643 2603 730 2664 nium,
762 2615 789 2651 ut
810 2599 976 2651 domesticum
996 2602 1121 2660 reiicimus

112 2664 201 2721 ditat,
220 2663 322 2713 Florum
342 2661 374 2712 de
397 2667 482 2726 linteo
505 2665 619 2713 Antonio
642 2668 757 2732 quamvis
773 2679 818 2715 nec
831 2664 971 2732 idquidem
983 2638 1142 2734 obsterquotl

113 2721 274 2793 &scripsisse
299 2725 324 2773 δι
342 2723 478 2792 cogitasse,
492 2729 560 2786 cujus
581 2727 620 2775 in·
643 2745 748 2795 magnus
767 2729 905 2797 appellatur
926 2729 979 2792 ibi,
1008 2747 1067 2780 uam
1089 2730 1139 2780 hoc

111 2789 307 2856 genium,alias
321 2787 417 2858 semper
431 2789 620 2848 turbulentum,
642 2809 694 2844 non
726 2807 799 2859 negat
822 2793 919 2843 malum
946 2795 1023 2843 etiam
1049 2791 1140 2854 fuisse,

112 2858 193 2904 etiarn
208 2869 270 2903 saror
285 2855 368 2904 Fulvia
390 2854 468 2920 magis
490 2851 618 2920 magisque
642 2857 775 2972 puomodo
796 2858 850 2906 Val.
870 2863 938 2908 Max.
960 2874 983 2921 5,
997 2869 1023 2917 6,
1045 2875 1069 2908 a.
1087 2872 1139 2908 ext.

114 2916 299 2968 inflammabat.
346 2921 384 2968 De
404 2919 484 2967 Lucio
503 2920 618 2967 Antonio
661 2925 704 2972 icit
717 2920 868 2972 Annibalem
881 2923 908 2970 in
922 2919 1001 2972 dubio
1033 2919 1140 2980 osuisle‚

115 2995 211 3032 ornnes
237 2995 323 3030 tamen
351 2982 482 3046 historiae,
505 2997 537 3031 ne
561 2983 616 3050 quis
636 2987 722 3049 ,major
740 3003 768 3036 ne
787 3001 820 3034 an
837 2989 906 3051 pejor
924 2986 994 3036 viri
1026 2983 1141 3035 eridebe

115 3046 166 3098 hoc
187 3060 230 3094 me
252 3057 322 3124 putet
351 3043 486 3109 ignorasse:
513 3043 573 3104 sed,
591 3059 617 3096 ut
643 3063 688 3098 rer.
721 3049 878 3100 Plutarchum
892 3047 959 3116 quod
978 3052 1068 3100 attinet
1101 3063 1141 3100 te·

115 3109 169 3160 diri
183 3123 337 3180 aramme
349 3109 385 3160 eli
399 3108 473 3177 ipsius
486 3111 616 3172 Flori,aut
642 3115 716 3166 llatur
740 3115 785 3163 ille
804 3111 909 3180 quidem
934 3115 1040 3179 ingenio
1070 3085 1143 3165 suffe

111 3175 266 3245 piamun&
281 3167 470 3244 iflaspltawsrc
485 3177 556 3248 supra
569 3179 616 3231 sal·
643 3193 730 3228 natura
743 3175 786 3227 sua
799 3175 868 3227 haud
882 3178 967 3241 malo,
984 3176 1027 3228 sed
1047 3191 1143 3244 oppor-

112 3241 153 3293 sus
167 3243 221 3307 cll,
236 3243 297 3294 dum
314 3257 387 3296 voert
402 3245 523 3310 patrueles
537 3245 616 3310 syllae
642 3257 706 3293 runo
727 3239 944 3309 corruptionibus,
969 3239 1078 3308 quod&
1096 3255 1145 3291 no·

109 3309 203 3358 Felicis
220 3307 299 3359 Fausti
317 3310 396 3372 Syllae
413 3307 511 3360 liberos.
528 3307 560 3358 fic
580 3321 617 3357 et·
642 3305 689 3357 sier
705 3301 807 3358 voluisse
821 3303 899 3355 videri
913 3301 1001 3371 possit,
1017 3303 1078 3354 dum
1099 3319 1144 3378 aaa·

113 3371 167 3422 iam
190 3371 216 3422 su
237 3373 309 3423 rain
330 3373 448 3422 lleraclea
462 3373 616 3438 Campaniae
642 3372 703 3418 rium
717 3372 810 3436 ingenio
826 3370 937 3436 appellat
957 3372 1031 3419 tertio
1052 3383 1078 3419 ca
1099 3382 1145 3421 rte.

114 3437 139 3484 er
155 3437 202 3486 siri
216 3387 310 3487 fluvio:
328 3451 387 3505 quas
408 3437 616 3487 hallucinationes
643 3432 692 3484 Sed
706 3435 838 3499 ingenium
851 3436 905 3494 ejus
920 3431 1051 3500 pellimum
1083 3428 1143 3482 uifl'e

113 3497 194 3550 facile
207 3497 364 3564 excusamur,
381 3501 429 3550 alia
443 3497 566 3570 quaedam
579 3501 615 3550 le·
642 3513 720 3547 nemo
747 3499 836 3548 melius
860 3510 971 3563 exponat
1005 3498 1144 3551 cicerone:

113 3567 187 3612 viora
201 3567 228 3614 in
243 3565 291 3614 hoc
311 3561 367 3630 ipso
388 3561 431 3615 sori
451 3577 505 3615 rore
526 3561 557 3614 de
577 3577 614 3614 re·
662 3562 758 3612 uamvis
772 3576 818 3611 uec
830 3562 855 3610 ei
870 3573 914 3628 per
933 3562 1020 3611 omnia
1041 3559 1144 3614 creden·

111 3626 300 3688 renuerimus,
337 3581 523 3679 urentissimus
537 3577 615 3678 atino·
643 3577 704 3677 sum
725 3623 773 3676 ell'e
793 3622 924 3699 censeam,
941 3640 999 3674 curn
1019 3625 1145 3676 interdurn

114 3705 180 3742 tare.
197 3693 287 3769 souis
300 3641 353 3756 es,
369 3693 412 3760 qui
427 3694 527 3744 nonita
543 3691 615 3742 facile
645 3689 790 3746 accusatorie
803 3701 885 3754 magas
895 3701 970 3755 quam
992 3691 1079 3740 Latine
1099 3689 1145 3757 (sit

890 1787 942 1829 rte,
960 1777 1091 1824 Antonium
1104 1776 1141 1825 ul·

893 1836 975 1896 bostem
980 1836 1141 1910 juditaffenrt

116 3755 227 3808 assentiri
262 3755 334 3822 odit,
352 3758 373 3805 is
386 3771 426 3807 me
448 3755 539 3806 doceat
557 3753 619 3822 quid
645 3755 717 3805 eninr
731 3752 783 3818 ipse
811 3754 837 3802 ira
849 3755 958 3827 yerrem
974 3773 1002 3814 4,
1020 3771 1043 3817 ι,
1055 3773 1080 3816 4.
1105 3753 1145 3804 di·

114 3821 205 3872 reeiius
245 3819 330 3871 ehoe
351 3821 408 3870 loco
435 3819 463 3870 fit
489 3817 618 3870 aestiman·
646 3819 695 3873 siin
716 3817 767 3882 uit)
785 3817 1062 3883 somniantium.
1096 3819 1147 3870 sal.

117 3884 193 3948 dum;
211 3901 262 3952 ego
277 3883 323 3951 ipss
336 3883 409 3934 facile
422 3881 544 3936 assentiar.
562 3889 618 3934 lloc
646 3898 685 3932 rna
697 3896 735 3931 rus
748 3882 845 3930 Laer'i'a
860 3877 914 3930 solo
928 3885 990 3933 Naz.
1006 3881 1085 3933 abesse
1103 3879 1147 3933 ad·

116 3949 190 4001 breve
203 3963 280 4018 caput
292 3947 428 4014 diligenter
435 3949 458 3998 le
478 3949 551 4014 at,&
563 3963 618 4004 exa·
646 3958 761 4008 notarat,
779 3950 899 3995 Gruterus
913 3942 942 3994 ab
957 3946 1073 3998 omuibus
1085 3947 1147 3998 rari.

115 4016 213 4084 minet,
230 4027 286 4073 nou
299 4010 388 4078 aliud,
404 3963 496 4081 neri,
514 4009 620 4084 seutltt,
645 4015 713 4072 cam
727 4010 775 4077 iit}
792 4023 894 4082 praeter,
907 4013 974 4080 λος.
987 4017 1016 4070 f.
1036 4008 1150 4145 &zvpffi
