2850 4767
295 332 367 415 286
481 322 534 401 L.·
581 328 852 401 Annnnt
905 320 1143 395 Fnont

251 476 268 527 1
375 459 485 517 naret.
538 440 666 535 ltaque
683 435 757 509 duo
773 437 924 517 maximi
947 436 1131 509 exercitus
1156 428 1249 510 caefi
1278 428 1355 523 acii

347 546 453 619 stium
478 538 706 626 sutietatem,
731 533 846 607 donec
864 534 1018 605 Annibal
1044 532 1182 607 diceret
1210 537 1333 609 militi
1355 590 1356 625 2

295 642 391 731 suo,
426 638 539 709 Parce
563 634 674 729 ferro.
725 632 874 705 Ducum
908 626 1041 728 effugit
1076 630 1196 719 alter,
1229 634 1337 707 alter

297 735 440 813 occisus
454 732 525 808 est:
551 728 704 805 dubium
720 750 802 801 uter
828 730 964 824 majore
982 727 1115 801 urimo.
1162 730 1334 899 Papilum
1356 740 1357 761 l

1164 852 1215 925 pu
1245 848 1334 922 uit,

296 1044 381 1082 autem
388 1024 515 1091 secundam
526 1026 629 1088 coelun,
646 1036 676 1075 ut
690 1019 754 1071 infra
772 1036 793 1076 3.
816 1020 839 1066 n·
851 1019 882 1077 Εγ
894 1019 989 1069 obuiam
1005 1021 1065 1069 itm
1080 1020 1223 1087 frequenter
1242 1020 1276 1067 ai
1297 1038 1327 1069 o-

299 1114 342 1154 20,
365 1112 386 1144 r.
411 1089 442 1141 (le
464 1089 558 1140 servir:
584 1089 652 1156 quafi
668 1082 795 1149 secundun
820 1086 909 1133 mnibus
935 1082 1052 1133 ordinibus
1071 1085 1129 1145 fit,
1161 1084 1191 1139 fn*
1215 1092 1329 1149 gratiae

224 1164 228 1173 '
294 1176 369 1273 poenus
389 1157 513 1204 boninum.
533 1158 642 1202 GRUT.
679 1148 728 1200 Sed
745 1150 794 1197 hoc
821 1150 905 1209 aliae,
922 1145 1023 1223 qnod'de
1036 1148 1168 1213 Republica
1182 1166 1227 1197 uo·
1243 1146 1333 1215 despe-

297 1214 794 1348 tenebimini}nnn
820 1211 1331 1341 nitunt:„nminem

231 1384 234 1387 ,
300 1345 362 1397 ms,
376 1345 409 1395 ad
422 1346 501 1394 soiin.
518 1358 542 1409 p.
558 1356 613 1399 ⁸90·
818 1340 889 1450 piicii
909 1340 985 1400 soret.
1029 1339 1114 1401 Magni
1144 1352 1209 1388 terte
1239 1342 1331 1388 enimi

338 1428 376 1470 17.
394 1412 475 1457 Donet
489 1405 601 1456 Annibal
619 1403 794 1452 diceretniiiti
838 1418 870 1451 oc
895 1398 989 1451 fastum
1009 1397 1079 1450 fuiss'e
1099 1402 1207 1451 civitatis
1227 1402 1330 1452 lubens

294 1476 365 1536 fiae,
389 1474 468 1521 Parce
486 1471 573 1531 serre]
599 1468 669 1516 Nihil
687 1467 737 1515 tale
754 1467 795 1516 Li·
820 1462 944 1515 assentior.
990 1469 1024 1512 At
1053 1461 1134 1513 isum
1160 1472 1330 1530 Varronem,

304 1539 366 1587 vius.
404 1538 456 1582 Nec
470 1546 530 1581 veto
543 1530 575 1579 de
590 1529 713 1579 Annibale
735 1530 796 1601 veri·
820 1544 852 1577 eo
875 1526 946 1595 ipso,
964 1526 1034 1595 quod
1054 1478 1168 1639 AEffem'
1187 1530 1277 1595 magni
1302 1547 1331 1579 a·

304 1600 386 1651 simile
400 1596 445 1645 eil.
504 1596 619 1656 uinimo,
635 1607 662 1642 ut
681 1592 797 1654 tessun,
823 1594 885 1641 nimi
900 1591 1025 1659 specimen
1045 1589 1077 1641 de
1098 1589 1163 1656 isse,
1185 1609 1329 1661 nunquam

305 1660 502 1715 &ridiculume
528 1694 534 1706 .
566 1654 725 1722 'rernpestive
742 1653 797 1705 sane
824 1656 886 1703 mihi
915 1652 1070 1721 persuadebit
1095 1658 1191 1705 Florus.
1236 1662 1331 1707 Nemo

303 1724 412 1779 Annibal
427 1724 536 1772 militem
550 1717 620 1769 suum
634 1734 734 1783 parcere
749 1719 797 1768 fer·
825 1718 951 1783 fugacium
965 1722 991 1768 in
1011 1718 1080 1768 bello
1100 1734 1153 1769 non
1172 1719 1206 1768 src
1225 1721 1330 1770 laudati

304 1808 335 1842 ιο
362 1784 483 1851 juffiiset,
512 1785 684 1833 internetione
714 1782 799 1831 deleto
825 1785 939 1849 poterit,
965 1782 1025 1831 telle
1045 1788 1141 1833 Graeco
1168 1784 1329 1849 proverbio:

307 1858 358 1918 jem
378 1850 485 1900 exercitu
511 1853 644 1911 Romano,
669 1846 724 1913 post
741 1863 798 1913 qur·
825 1852 865 1910 qui
884 1847 953 1910 sugit
1002 1850 1085 1895 iterun
1107 1847 1236 1921 pugnabit.
1273 1856 1330 1899 im·

307 1917 420 1980 draginta
442 1912 552 1961 millium
572 1909 674 1961 eaedem
690 1942 699 1968 ,
717 1908 748 1959 ad
766 1906 799 1958 sa·
824 1924 884 1983 mo,
903 1912 945 1976 qni
966 1883 1042 1960 lemei
1064 1909 1153 1977 frigit,
1171 1912 1266 1961 iterum
1287 1913 1330 1963 fu·

306 1984 419 2031 tietatem
433 1992 485 2026 non
500 1977 579 2041 magis
594 2007 603 2032 ,
621 1990 697 2041 quom
711 1972 743 2023 ad
757 1971 800 2023 las-
824 1986 878 2037 giet
897 1988 971 2040 atque
994 1976 1093 2023 iterum.
1124 1974 1200 2038 Qrafi
1215 1978 1331 2038 Paulus,

306 2041 440 2095 situdinem
461 2036 555 2106 usque,
572 2037 722 2095 caesorum,
744 2052 800 2087 cum
824 2052 881 2087 cum
896 2040 972 2087 vitam
988 2034 1056 2086 suam
1075 2034 1171 2087 servare
1191 2037 1285 2106 sategit
1298 2056 1331 2088 err

304 2110 412 2159 alterum
431 2100 582 2164 consulem,
601 2103 642 2178 qui
660 2100 800 2169 supersuie,
826 2116 856 2149 ea
873 2098 966 2164 clade,
983 2116 1031 2165 qua
1050 2114 1089 2151 tot
1106 2104 1200 2153 civium
1222 2104 1330 2153 suorum

305 2170 486 2283 ‹ruinipeggp
500 2168 567 2281 iii
587 2163 800 2280 blindin
827 2164 1331 2280 {tiniii'n‘tsnlmi'iul‘ss‘

308 2250 450 2348 tcunabdoqin
466 2296 508 2344 illa
522 2268 604 2362 pnigea
619 2245 703 2344 locuin
718 2291 802 2342 habuit
826 2244 896 2358 quiid
922 2264 957 2340 de,
978 2246 1115 2359 Rlelpublica
1136 2291 1186 2343 des
1215 2268 1331 2343 tanduni

307 2318 372 2413 illud
384 2358 514 2411 Annibalis
534 2359 565 2409 ad
587 2360 694 2407 militem
712 2354 801 2420 suum,
827 2371 878 2403 non
893 2352 959 2405 effer.
978 2361 1065 2408 snum.
1103 2358 1152 2409 Hie
1171 2358 1272 2425 aiquid
1287 2374 1333 2408 eat-

307 2428 389 2478 Parce
395 2425 494 2486 serre?
515 2428 610 2485 strages
626 2420 677 2487 ipsa
699 2418 756 2471 satia
773 2422 801 2469 il·
828 2414 911 2468 cidisse
945 2416 1037 2479 judicat
1066 2424 1099 2471 N.
1132 2422 1259 2473 Heinsim.
1307 2424 1332 2471 Si

308 2489 384 2539 lustre
406 2485 586 2537 documentum
607 2484 693 2547 dedit,
710 2500 742 2534 nn
761 2499 803 2551 pe·
827 2496 893 2545 tres,
916 2484 1023 2549 inquit,
1047 2484 1150 2534 ultimae
1171 2488 1273 2536 litterae
1293 2484 1336 2540 τέ’

310 2553 433 2619 percerint
452 2548 529 2598 ferro.
553 2556 642 2599 sntnr.
676 2547 749 2597 idem
766 2563 805 2596 re·
825 2544 909 2611 puduit
928 2560 1071 2614 repetantur
1092 2548 1193 2599 habebis
1207 2554 1261 2613 vie,
1283 2570 1333 2603 nn-

309 2618 369 2664 citat
388 2610 561 2672 Augustinus,
586 2612 629 2661 ubi
649 2608 729 2678 supra,
753 2616 804 2660 Cn·
828 2608 859 2659 de
885 2614 952 2658 vitae
981 2610 1055 2661 facio.
1097 2613 1212 2662 Pauiim
1237 2616 1331 2681 puduit

311 2689 399 2731 nens.
425 2682 517 2725 Lucan.
538 2692 561 2735 z.
583 2690 639 2736 7²9·
662 2673 805 2742 parcendum
829 2677 903 2723 vitae.
942 2680 980 2723 De
1006 2677 1116 2725 Lentulo
1142 2680 1186 2727 Sil.
1218 2682 1278 2730 ital.
1305 2698 1333 2731 x.

307 2744 386 2806 serre.
404 2745 541 2789 anlnsn.
830 2746 902 2799 2652,
919 2738 961 2804 qui
979 2742 1142 2801 vulneratus,
1166 2756 1225 2790 cum
1242 2738 1271 2791 se
1292 2762 1332 2794 re.

346 2800 807 2865 Dubiunutermjoeeanine]Confer
829 2802 923 2867 ciperet
952 2817 967 2851 e
992 2802 1088 2867 praelio
1114 2804 1265 2867 Cannensi,
1304 2812 1333 2859 in

314 2869 427 2920 Frontin.
437 2884 461 2925 4.
472 2884 494 2929 5,
505 2878 559 2929 5,o.
569 2863 718 2933 &disputan
732 2866 806 2917 Cleo·
830 2865 940 2915 Paullum
958 2865 1047 2943 incidit
1071 2870 1176 2931 graviter
1198 2865 1334 2923 saucium:

314 2927 805 3065 m‘iffl‘liiif‘iii‘nm.
831 2928 1024 3043 seiisil'issl
1045 2930 1261 3047 illiniti·
1281 3016 1336 3067 ηρ.

313 3062 403 3123 ravit]
428 3056 567 3123 Disputat,
592 3072 619 3105 ac
643 3052 806 3105 dubitandum
830 3072 875 3103 nen
895 3054 1039 3122 desperavit.
1080 3065 1109 3108 ln
1129 3058 1268 3128 desperavit
1288 3064 1335 3113 ha.

312 3122 450 3193 proponit,
467 3134 521 3170 uter
536 3117 626 3168 dueum
645 3121 738 3168 ma'ote
756 3119 807 3167 ani·
830 3120 873 3167 bes
892 3136 981 3171 omnes
995 3123 1115 3172 litterasa
1131 3138 1172 3173 me
1185 3121 1294 3176 insertas
1308 3126 1338 3175 de

312 3204 359 3238 mo
379 3185 489 3247 fecerit,
517 3184 561 3249 qui
580 3179 698 3250 superet
721 3182 808 3233 militi·
832 3194 881 3248 rep.
901 3184 939 3232 sit
953 3183 985 3233 de
998 3192 1107 3237 Varrone
1128 3188 1153 3235 δι
1166 3188 1209 3237 alii
1225 3186 1338 3255 scripto·

314 3250 361 3301 bne
381 3246 428 3297 suis
448 3246 553 3309 noluit,
576 3262 607 3295 an
628 3248 672 3313 qui
692 3244 758 3309 fugit
777 3259 807 3293 ex
833 3260 877 3295 res.
915 3246 992 3297 instar
1019 3251 1135 3301 omniurn
1157 3268 1221 3301 unua
1240 3256 1338 3307 Livius

314 3318 377 3365 acie.
417 3313 529 3373 Animi,
558 3309 630 3371 hujus
655 3310 700 3377 qui
726 3308 807 3373 sugit,
833 3308 870 3358 bis
923 3313 943 3361 ri
958 3312 1037 3363 modo
1050 3312 1094 3363 lib.
1109 3332 1181 3365 xxrr.
1202 3331 1257 3383 cap.
1285 3322 1335 3370 uit.

314 3374 517 3443 magnitudinem
538 3388 569 3423 er
585 3390 618 3423 eo
632 3372 735 3439 probare
749 3374 807 3422 niti·
835 3374 859 3421 δι
871 3376 889 3423 li
909 3392 983 3427 .xrv.
998 3388 1091 3443 cap-6.
1110 3384 1221 3431 Gnnev.
1249 3383 1337 3433 Paul·

316 3457 357 3493 tur
371 3476 381 3502 ‚
397 3436 467 3515 quod
486 3438 518 3487 de
537 3436 675 3506 Republica
694 3452 747 3486 non
767 3434 809 3485 de·
833 3439 892 3503 ius,
916 3454 968 3489 tam
988 3442 1140 3507 proprium,
1164 3458 1237 3509 quarn
1260 3462 1336 3497 corn-

318 3504 433 3571 iperavtt.
447 3507 522 3552 Certe
529 3504 621 3567 gratiae
628 3502 665 3551 illi
673 3501 720 3550 boe
728 3503 809 3551 uomi-
836 3519 928 3566 inune,
944 3505 969 3552 in
984 3502 1057 3553 inseri
1078 3506 1186 3555 tionibus
1207 3508 1232 3555 tr
1245 3512 1336 3561 Num.

316 3566 475 3617 ueteivitate
482 3567 559 3629 astae,
568 3564 638 3632 quod
646 3565 677 3615 de
685 3565 808 3632 republica
835 3569 882 3639 nris
896 3569 1024 3631 geminato
1038 3521 1111 3633 llegi
1126 3606 1136 3633 ,
1161 3570 1201 3619 hic
1216 3586 1230 3619 e
1244 3576 1335 3625 Pierio

316 3626 537 3680 nondesoerailet.
560 3636 591 3679 Et
610 3645 703 3695 magno
723 3630 809 3677 animo
834 3646 860 3679 m
879 3632 966 3697 virgil.
989 3647 1025 3681 av.
1054 3639 1118 3682 Aen.
1142 3644 1198 3693 649.
1224 3634 1336 3688 adnotat

317 3670 810 3759 hocfecil'ecivitatemLiviutinterpre-
834 3696 938 3745 vinetus
951 3712 959 3755 ς
1002 3695 1072 3763 quod
1100 3698 1177 3747 etiarn
1210 3698 1336 3765 sigonius

316 3766 391 3804 tatur.
415 3760 465 3819 Quo
479 3754 587 3821 quiden,
601 3758 699 3823 inquit,
715 3760 739 3806 in
755 3769 809 3802 teu·
833 3759 947 3809 observat
964 3757 996 3809 ad
1013 3760 1069 3811 liv.
1088 3778 1111 3811 x.
1133 3779 1155 3817 t·
1185 3766 1217 3812 Et
1233 3766 1332 3815 vitiet.

315 3828 374 3884 pm
388 3818 434 3882 lpse
448 3818 603 3885 adeonagne
622 3826 700 3869 anim
720 3822 809 3868 civitat
833 3821 864 3871 ad
884 3827 965 3873 eires.
985 3840 1040 3873 xit.
1059 3826 1148 3877 Eamil,
1174 3842 1212 3876 12.
1233 3829 1259 3878 i„
1274 3832 1333 3878 Me.

312 3880 383 3943 saie,
399 3894 425 3928 nt
437 3885 523 3942 consuti
537 3902 567 3931 ex
580 3897 654 3932 tanta
671 3881 754 3946 elude,
771 3900 808 3931 cu·
833 3884 905 3937 dicto
919 3886 985 3938 cod.
1006 3888 1170 3953 Epistolamm
1185 3892 1303 3941 Cieerun.
1321 3894 1335 3941 l

319 3940 362 4025 ἐξ
372 3945 422 4012 3ssss
431 3960 520 4011 *lgna
528 3948 705 4015 caesasnjffet,
713 3944 808 4001 edm·
830 3944 860 4003 in
873 3950 912 4004 ltin
933 3950 1055 4019 dupiitui
1074 3949 1166 4011 sitibit.
1197 3954 1335 4071 mebi?
