2850 4767
267 188 1066 329 Puurrnrrm

108 376 178 452 dini
197 374 248 451 A.
273 374 345 449 cb
368 374 511 449 Iocxcr
524 394 555 449 ι.
584 374 621 448 in
639 368 689 446 8.·
706 376 831 451 iterata
847 372 909 449 est.
960 376 1005 451 In
1024 374 1091 453 hac
1109 376 1192 455 Ans
1308 458 1319 475 „

108 474 199 551 nase
220 472 449 547 Editionem
473 474 618 566 Patris,
646 469 708 573 qui
728 475 853 549 multis
883 474 974 549 locis
999 472 1185 551 Salmatia·

109 600 189 648 nam
216 570 590 671 repraesentaverit,
628 570 813 665 sequutam
854 571 1072 671 profitetur3
1102 576 1187 651 reli·

111 690 384 771 quas,praeter
405 694 517 743 unam
538 668 702 745 Salmafii
721 696 741 744 a
760 671 995 745 Commelino
1012 671 1188 767 eminam,

110 774 155 843 ita
175 769 248 841 libi
271 765 453 841 sorduiffe
472 767 590 856 dicit,
610 786 652 841 ut
673 792 719 841 ne
737 770 857 867 pueris
876 767 1022 867 quidem
1042 769 1188 869 probari

108 866 212 966 poffe
234 868 472 939 viderentur.
511 867 554 939 N
558 890 606 939 on
626 865 771 940 videtur
789 864 988 940 adhibuiffe
1007 866 1103 942 Edd.
1118 867 1186 941 El·

109 967 367 1057 zeririorum,
394 963 435 1034 in
454 964 588 1063 quibus
616 984 759 1041 textum
791 964 1097 1038 Commelinianae
1119 990 1186 1039 ex·

109 1062 273 1161 ptess'um
294 1059 369 1134 effe
384 1060 487 1149 dixi,
501 1062 540 1136 ὅ(
557 1060 662 1135 valde
678 1059 858 1135 emundas
876 1086 917 1134 ac
935 1060 1102 1137 delicatas
1120 1083 1200 1137 na··

109 1188 165 1234 res
193 1160 373 1233 habuerit
400 1179 577 1257 oportet,
611 1162 670 1233 cui
702 1158 843 1233 sordere
872 1162 1059 1256 potuerint
1088 1160 1187 1237 Edd.

108 1258 387 1348 Freinshemii,
415 1258 457 1330 ὅ(
474 1256 729 1356 Lugdunenfis
748 1260 796 1331 A.
816 1258 881 1329 cla
902 1258 1081 1331 locavit.
1097 1282 1184 1357 quas

110 1356 272 1429 infinitis
308 1356 481 1453 partibus
519 1357 703 1453 puriorem
738 1375 954 1429 contextum
992 1354 1186 1452 exhibere,

108 1481 225 1551 quam
246 1454 567 1528 Commelinianae
585 1451 659 1547 est,
684 1479 755 1527 non
773 1450 878 1527 facile
896 1451 1098 1551 quisquam,
1126 1455 1185 1528 ni·

113 1552 137 1623 fi
179 1554 249 1653 qui
284 1550 418 1624 obesae
463 1553 554 1623 naris
589 1550 663 1645 est,
699 1550 859 1649 negabit.
909 1547 979 1625 Sed
1020 1549 1186 1627 fruantur

108 1653 262 1749 judicio
293 1648 384 1730 sno,
419 1652 595 1735 quicum
636 1647 696 1723 illa
728 1650 904 1722 sentiunt?
948 1648 1038 1721 mihi
1071 1648 1182 1749 longe

111 1751 187 1821 alia
209 1773 312 1821 mens
333 1745 402 1819 est.
421 1748 491 1819 De
508 1770 619 1844 opera
637 1769 754 1822 autem
779 1748 822 1821 ad
840 1748 936 1821 hunc
954 1747 1181 1845 Scriptorem

113 1847 159 1919 ab
194 1853 305 1919 Anna
332 1846 481 1919 conlata
508 1844 578 1917 hoc
604 1866 743 1920 tantum
770 1845 908 1935 dicam,
936 1868 993 1918 me
1018 1870 1095 1918 eam
1114 1871 1182 1920 nec

114 1967 353 2041 magnopere
373 1944 537 2030 laudare,
572 1966 639 2017 nec
667 1932 770 2043 plane
796 1940 971 2043 spernere.
1021 1934 1121 2016 Nam
1142 1944 1182 2019 dc

116 2044 155 2114 in
175 2044 299 2115 Notis
319 2042 401 2140 ejus
420 2039 585 2140 pleraque
604 2042 812 2141 protrita&
832 2041 1048 2115 Mineilianis
1069 2037 1181 2114 fimil·

117 2142 233 2230 iima,
259 2162 331 2213 nec
352 2159 468 2238 pauca
484 2161 619 2233 errata,
637 2139 674 2213 &
691 2138 809 2213 rursus
826 2139 998 2239 quaedam
1014 2162 1086 2211 non
1104 2164 1180 2213 ma·

117 2236 159 2309 le
179 2234 427 2309 animadversa
444 2234 543 2311 sunt:
561 2262 714 2335 quorum
731 2238 793 2311 illa
810 2262 882 2311 non
899 2236 1035 2333 ubique
1053 2241 1180 2310 notan·

122 2336 203 2420 da,
227 2356 290 2405 aut
305 2337 552 2433 exaggeranda
567 2336 677 2425 duxi;
702 2337 812 2423 haec,
840 2332 904 2405 ubi
924 2332 1095 2423 vacabat,
1119 2354 1183 2409 aut
1237 2396 1241 2401 .

123 2436 168 2505 in
192 2452 353 2505 mentem
369 2434 536 2507 veniebat
558 2431 765 2507 Editioncm
785 2432 881 2505 illius
897 2428 1089 2528 inspicere,
1109 2454 1182 2507 non

122 2530 279 2605 reticui.
329 2530 427 2603 Alias
455 2530 666 2625 Editiones,
700 2556 790 2630 quac
815 2532 956 2603 interim
984 2526 1020 2599 in
1046 2528 1098 2602 his
1123 2531 1183 2605 vel

122 2631 201 2703 alias
240 2628 347 2703 terris
380 2632 623 2727 prodierunt,
656 2650 858 2728 praetere03
892 2627 1048 2725 partim,
1081 2629 1182 2726 quod

124 2754 195 2803 non
213 2752 348 2801 omnes
364 2726 410 2799 ad
427 2730 596 2800 notitiam
616 2753 730 2800 meam
749 2743 1009 2826 pervenerunt3
1035 2729 1181 2820 partim,

126 2828 222 2928 quod
242 2824 292 2900 de
311 2827 383 2919 iis,
411 2848 497 2925 quas
513 2822 612 2907 vidi,
639 2848 712 2897 non
732 2824 783 2899 est
802 2849 928 2923 operae
946 2824 1104 2920 pretium
1124 2822 1178 2895 di·
1256 2872 1259 2877 -

124 2953 214 3001 cere.
269 2924 346 2999 Sed
377 2946 453 2995 non
478 2927 528 2996 ita
553 2920 661 3019 longe
687 2922 769 3022 post
791 2926 928 2995 Annam
948 2918 1056 2991 Fabri
1074 2921 1182 2993 etiam

121 3026 234 3099 Floro
252 3046 410 3099 manum
438 3020 602 3095 admovit
630 3020 867 3095 Eruditorum
897 3016 1035 3090 nostrae
1060 3017 1184 3088 aetatis
1276 3062 1281 3069 -

120 3123 225 3199 facile
255 3126 466 3218 Princeps,
496 3120 561 3213 Jo.
590 3118 775 3221 Georgius
800 3117 1002 3202 Graevius,
1029 3118 1090 3214 qui
1114 3138 1186 3212 ope

120 3220 386 3299 MS.Codicis
407 3214 666 3315 Ryckiani‚&
679 3217 810 3315 ingenii
822 3212 1184 3311 doetrinaequeprae·

122 3322 234 3416 idio,
268 3341 307 3395 at
339 3343 389 3391 ue
417 3314 565 3413 insuper
591 3313 886 3413 Incpmparabilis
911 3309 1005 3382 illius
1036 3308 1187 3383 Nicolai

120 3420 262 3497 Heinfii
280 3346 458 3493 siilertia
485 3410 650 3511 adjutus,
675 3432 768 3485 tetra
790 3408 927 3500 multa,
951 3408 1081 3506 quibus
1106 3405 1187 3505 post

119 3544 173 3599 tot
191 3512 519 3595 Doffiffimorum
547 3510 721 3585 Virorum
751 3510 927 3581 medicam
954 3530 1099 3580 manum
1125 3505 1187 3578 ad·

117 3624 183 3699 huc
201 3618 385 3695 foedatus
410 3628 495 3685 erat
513 3606 665 3695 Florus,
691 3610 813 3679 ulcera
832 3600 983 3694 sanavit,
1009 3604 1048 3677 ὅ(
1071 3603 1189 3701 plera·

116 3748 176 3825 que
195 3718 385 3795 intricata
409 3708 455 3782 δε
477 3702 629 3778 obscura
641 3705 793 3780 scienter
809 3703 1192 3801 expedivit‚claraque

112 3812 418 3924 antiquitatis&
443 3804 635 3879 literarum
656 3806 736 3879 luce
760 3798 936 3903 perfudit.
988 3796 1113 3874 Edidit
1130 3822 1194 3872 au·

1119 3914 1198 3969 tem
