2850 4767
293 243 1039 360 uumrnrto

124 453 220 526 hrum
246 473 433 546 umquam
461 445 597 542 fuiss'e,
630 451 692 549 qui
722 451 758 522 in
787 447 890 524 libris
920 447 1063 550 scriptis
1090 469 1178 522 cum

117 551 213 624 editis
228 544 469 623 conferendis
488 571 563 619 non
580 546 695 645 aliqua
714 549 969 646 praeteriiffet,
995 544 1174 650 quodmi-

117 651 151 722 bi
175 669 337 818 puoque
364 645 405 718 δι
433 647 472 719 in
498 643 715 744 scriptorum
749 649 1054 816 comparatione,
1080 645 1180 720 &in

119 747 379 819 cenationum
399 743 446 816 ab
464 741 541 816 aliis
560 741 801 818 institutarum
853 743 1097 844 escriptione‚
1123 747 1178 818 iu·

114 841 264 917 verdum
285 838 458 915 accidiss'e
475 840 667 937 arbitror,
702 865 830 940 operae
858 868 917 918 me
946 841 1105 943 pretium
1123 839 1179 916 fa·

119 941 263 1016 &urum
285 937 542 1038 putabam,.fi
572 939 611 1014 δι
638 937 713 1039 ipse
738 963 820 1012 eum
846 941 1066 1016 evolverem.
1092 938 1181 1012 Nee

126 1065 179 1116 rue
204 1038 348 1112 laboris
377 1039 590 1136 poenituit:
625 1061 842 1138 quamquam
870 1042 964 1114 enim
989 1062 1073 1112 eum
1098 1035 1183 1132 satia

128 1139 185 1212 dil'
216 1157 326 1210 enter
342 1133 547 1234 inspexerat
564 1136 745 1212 Graevius
762 1188 775 1230 ,
810 1157 933 1212 tamen
952 1137 1041 1210 mihi
1058 1136 1183 1234 paucis

129 1261 189 1333 qut
245 1231 349 1308 sdam
371 1232 463 1306 locis
478 1231 655 1335 spicilegii
670 1235 839 1308 nonnihil
865 1233 1032 1310 relittum
1058 1232 1204 1331 depre··

129 1331 251 1408 bendi.
292 1329 491 1406 Habebam
507 1334 594 1406 item
610 1333 796 1433 exemplar
812 1333 922 1408 Edit.
945 1333 1187 1421 Graevianae‚

125 1427 1189 1631 retertur§turrate‘tardante

126 1627 191 1717 fis,
219 1651 392 1728 quorum
410 1625 514 1699 alteri
540 1626 581 1699 ad
610 1625 700 1702 ofita
722 1649 799 1703 erat
823 1650 911 1704 nota
927 1629 959 1702 F
970 1683 982 1716 ‚
1000 1627 1104 1701 alteri
1121 1625 1187 1727 Q,

125 1727 241 1802 credo
264 1722 373 1825 quod
387 1724 455 1838 ille
470 1743 544 1798 erat
569 1651 718 1820 ddrma,
752 1753 860 1826 quam
888 1731 926 1801 iu
951 1727 1091 1819 Folio,
1125 1730 1189 1804 bic

122 1851 202 2000 Ξῖ,
222 1821 1192 2019 ἒῗιίῗῃέῧρὲῗὶἱῖζῗἙῧιέἓξῖἓῗκὲῗῗὲἲέῗέἓᾷ

124 2046 302 2122 paucas,
330 2019 466 2107 illam,
501 2045 608 2118 quam
636 2041 796 2095 veterem
823 2022 862 2098 δι
885 2019 1191 2118 vetustiffimam,

127 2123 167 2195 &
182 2118 383 2194 interdum
412 2118 637 2217 principem,
661 2143 771 2196 vocat
796 2122 1001 2214 Gruterus,
1026 2120 1065 2196 ἃ
1090 2123 1191 2196 Pari·

129 2217 292 2292 fieniem
308 2216 459 2310 Jo'anuis
473 2217 629 2307 Potiti,
666 2214 738 2289 five
755 2220 879 2292 Parvi.
929 2221 991 2292 Ex
1014 2218 1070 2290 his
1092 2222 1195 2316 prior

131 2319 179 2389 in
201 2313 324 2406 ioiio,
345 2310 548 2386 charabiere
563 2315 607 2386 ad
627 2313 835 2388 Gothicum
853 2317 1066 2403 inclinante,
1091 2317 1130 2391 δι
1150 2315 1195 2390 fi·

137 2436 192 2486 ne
210 2410 470 2504 inditionum,
495 2409 594 2503 loci,
621 2411 659 2485 δι
678 2413 924 2510 typographi,
950 2433 991 2489 ut
1009 2436 1055 2488 ex
1072 2416 1197 2496 Micb.

139 2509 461 2608 Maittaircsupra
486 2511 616 2603 retuli,
642 2508 805 2582 omnium
824 2513 1075 2608 vetustarum,
1108 2539 1196 2614 quae

135 2610 253 2698 vidi,
280 2606 333 2680 est
359 2604 649 2706 praestantiffima
674 2659 688 2700 ,
720 2607 867 2707 ejusque
892 2637 965 2712 ope
989 2613 1195 2708 Gruterus,

145 2709 209 2808 qui
229 2705 329 2782 solus
345 2729 393 2779 ex
412 2703 581 2787 omnibus
600 2704 815 2789 Editoribus
833 2708 934 2784 Flori
953 2711 1091 2785 causus
1119 2712 1196 2810 est,

146 2807 283 2880 multas
314 2827 363 2876 ex
391 2801 458 2876 illo
490 2802 675 2894 maculas,
722 2805 828 2878 etiam
862 2829 1053 2907 antequam
1079 2809 1200 2887 MSS.

147 2904 333 2980 Palatinos
350 2899 576 2995 contulerat,
601 2899 767 2990 sustulit,
793 2928 909 3005 neque
932 2923 1054 2978 tamen
1079 2911 1202 2984 omnia

149 2996 457 3076 animadverfione
475 2997 584 3100 digna
610 2999 866 3079 adcuratiffime
890 3001 1105 3102 perspexit,
1138 3027 1202 3082 aut

153 3098 407 3175 confideravit.
427 3095 611 3170 Posterior
630 3101 667 3173 in
683 3119 721 3194 4.
747 3097 819 3175 fine
838 3103 1018 3176 notaanni
1036 3103 1202 3202 totglos·

157 3197 218 3290 fis,
243 3197 345 3270 vitiis
367 3193 590 3293 scripturae,
618 3197 656 3271 δι
681 3196 952 3274 distinetionum
981 3197 1125 3294 scatet,
1158 3225 1202 3280 ut

158 3300 217 3372 rix
232 3298 326 3369 inter
341 3293 545 3368 mediocres
561 3289 683 3368 baberi
711 3294 827 3391 poffit.
879 3297 1000 3370 Etiam
1021 3301 1059 3370 in
1077 3325 1203 3377 manus

158 3419 250 3469 meas
281 3393 458 3468 inciderat
486 3389 615 3464 Editio
649 3394 875 3466 Plautiniana
911 3395 1023 3469 Stadii
1057 3399 1104 3470 A.
1131 3403 1206 3482 olo,

159 3493 363 3569 Iauxxxrv.
399 3495 441 3566 in
473 3493 583 3586 cujus
605 3490 829 3590 marginibus
864 3493 1021 3568 Auditor
1056 3498 1203 3592 quidam
1301 3497 1305 3504 ’

155 3594 196 3674 Li
220 3591 263 3670 fii
283 3589 459 3694 usquead
481 3577 573 3661 Lib.
596 3609 653 3660 ιι.
674 3612 755 3686 cap.
780 3610 836 3661 ιι.
862 3589 1094 3666 adnotaverat
1112 3621 1204 3672 con·

140 3699 161 3805 j
233 3719 295 3776 rar
319 3685 526 3768 nonnullas
555 3687 677 3782 magni
705 3685 805 3760 illius
831 3687 912 3764 Viri
938 3713 1013 3762 non
1040 3713 1217 3769 contem*

136 3801 278 3884 m„-
307 3796 406 3871 item
420 3781 562 3862 Editio
572 3782 732 3857 Eizevir.
759 3785 807 3856 Α.
822 3787 894 3862 cto
914 3789 1209 3887 locavitquam

128 3851 296 4018 Ryckl‘fl'ss
342 3905 486 3972 totam
523 3879 1024 4032 interpretatiptnjbusrsum,
1057 3887 1096 3963 ἃ
1113 3891 1218 4061 slocie
1272 3980 1274 3983 Ι

839 4006 855 4085 3
1140 4009 1213 4061 cra·
