2850 4767
436 207 1161 358 ruasrarto.

273 471 351 524 eam
375 469 448 519 non
475 446 485 518 i
516 468 746 533 notaverant,
776 447 901 522 locum
928 447 1031 522 illum
1060 447 1164 521 aliter
1189 448 1346 524 eonsti-

270 543 446 621 tuendum
461 467 529 617 elie
543 544 761 643 judicarant.
811 547 904 619 Non
920 546 1074 639 dubito,
1100 547 1188 644 quin
1207 545 1341 624 futuri

272 642 366 738 sint,
393 642 455 740 qui
475 641 565 714 hanc
583 645 730 717 nimiam
759 642 992 742 miseramque
1009 641 1256 742 diligentiam,
1287 648 1342 724 &

270 765 388 842 prope
423 739 623 838 perversam
652 743 718 814 reli
747 745 867 815 ionem
901 741 1120 817 existiment.
1171 743 1242 816 Sed
1269 745 1338 818 se·

272 859 429 939 quantur
445 837 499 911 illi
514 839 697 938 judicium
717 766 835 912 suum
873 841 992 926 Mihi,
1018 842 1074 914 uti
1093 839 1339 940 conjeb’turae

272 937 499 1036 conspirante
525 939 689 1011 omnium
719 936 926 1012 Dostorum
949 935 1122 1012 sententia
1147 938 1339 1037 probatae

272 1036 380 1108 etiam
397 1053 524 1109 contra
540 1033 652 1109 libros
662 1055 800 1110 veteres
816 1039 853 1108 io
871 1053 1088 1110 contextum
1105 1039 1217 1135 recipi
1235 1038 1322 1136 pos
1316 1081 1336 1099 ·

271 1131 308 1208 se
324 1131 513 1222 videntur,
540 1136 591 1207 ita
608 1135 672 1206 ubi
690 1133 805 1209 Docti
819 1135 857 1206 in
874 1153 991 1232 partes
1005 1155 1337 1235 eunt,numquam

273 1235 380 1304 unius
408 1231 621 1323 alteriusve,
648 1233 879 1332 quantumvis
896 1230 1048 1322 eruditi,
1074 1234 1231 1307 hominis
1256 1262 1336 1310 au·

274 1329 422 1404 &oritas
450 1330 678 1428 persuaserit,
703 1347 746 1403 ut
763 1329 911 1428 expulsa
934 1351 1078 1425 vetere,
1102 1355 1336 1430 quamquam

274 1428 438 1503 omnium
459 1425 627 1501 consensu
645 1448 839 1525 corrupta,
863 1427 1059 1527 scriptura,
1086 1454 1154 1529 pro
1172 1454 1212 1503 ea
1230 1455 1337 1508 con·

278 1525 462 1603 'esturales
497 1526 762 1600 emendationes
794 1526 961 1624 legendas
993 1527 1164 1601 exhibere
1196 1529 1335 1607 velim.

272 1554 380 1702 bum
399 1623 435 1696 id
450 1624 621 1722 exemplo
641 1624 881 1722 perniciosum
899 1624 1023 1719 est,&
1039 1624 1214 1718 indodtis,
1231 1651 1337 1726 quae

275 1724 387 1822 longe
404 1723 560 1796 maxima
574 1721 681 1795 turba
695 1722 772 1812 est,
798 1721 984 1796 fenestram
1011 1723 1056 1798 ad
1079 1723 1338 1819 depravandos

274 1845 413 1898 veteres
434 1822 640 1919 Scriptores
659 1820 852 1920 patefacit:
878 1824 942 1920 qui
967 1847 1081 1922 quum
1109 1824 1250 1922 plerum
1280 1851 1338 1904 ue

275 1923 322 1996 de
338 1917 573 1992 facultatibus
591 1918 660 1993 suis
687 1920 841 2019 amplius
867 1921 1029 2018 sperent,
1053 1946 1160 2019 quam
1187 1923 1224 1995 in
1250 1849 1334 2000 iilis

274 2019 328 2096 est
337 2023 355 2108 ,'
374 2016 432 2090 vel
450 2039 548 2090 certe
566 2042 640 2092 non
655 2019 773 2092 minus
789 2018 902 2112 bene,
927 2043 1034 2117 quam
1053 2043 1137 2094 vere
1155 2017 1271 2094 noui
1280 2025 1335 2098 de

204 2185 205 2188 ,
274 2119 367 2208 suis,
392 2115 487 2188 idem
508 2113 596 2210 fibi,
622 2116 721 2212 quod
738 2117 814 2210 his,
840 2117 972 2210 licere,
1006 2119 1045 2194 &
1070 2117 1170 2218 quod
1195 2143 1330 2193 exem-

274 2217 339 2321 plo
363 2213 525 2302 faciunt,
551 2217 659 2288 etiam
682 2219 766 2318 jure
794 2213 969 2290 sefacere
993 2237 1135 2315 putant.
1187 2218 1332 2317 Longe

274 2317 403 2392 melius
421 2309 541 2387 fecisse
558 2314 646 2386 mibi
663 2315 852 2404 videntur,
879 2315 943 2413 qui
957 2339 1070 2414 quutn
1090 2316 1169 2390 loca
1195 2339 1331 2391 corru-

273 2436 338 2518 pta
355 2413 586 2508 Scriptorum
604 2435 791 2502 veterum,
817 2438 908 2512 quos
924 2413 1102 2506 edebant,
1126 2416 1218 2488 veris
1241 2439 1332 2488 cer·

275 2515 395 2612 risque
429 2509 743 2584 emendationibus
775 2513 1022 2608 corrigerent,
1064 2532 1184 2585 tamen
1219 2535 1351 2584 rece-³

275 2603 450 2711 ptam,&
468 2606 632 2680 omnium
650 2607 826 2682 librorum
845 2606 1013 2681 consensu
1033 2607 1215 2682 firmatam
1234 2605 1330 2680 scri-

275 2727 444 2800 pturam,
469 2705 650 2801 inprimis
669 2703 694 2778 fi
714 2710 751 2779 in
769 2728 809 2780 ea
825 2703 1022 2779 tolerabilis
1041 2706 1159 2803 aliqua
1182 2704 1330 2781 senten·

275 2809 328 2884 tia
344 2825 440 2891 erat,
475 2819 658 2900 tamquam
684 2806 856 2878 terminos
880 2825 1038 2897 veteres,
1069 2826 1143 2876 non
1171 2827 1331 2878 moven-

275 2905 358 2980 dam
369 2901 446 2997 ,sed
466 2900 503 2973 in
523 2899 901 2978 Animadverfionibus
916 2901 967 2974 de
977 2904 1071 2976 vitio
1086 2902 1183 2975 illius
1199 2900 1330 2999 dispu-

275 3003 449 3093 tandum,
495 2997 534 3074 δι
577 3000 765 3074 meliorem
805 2998 1057 3077 ostendendam
1099 2998 1334 3079 censuerunt.

275 3099 391 3198 Quod
409 3121 522 3198 quum
540 3121 561 3170 a
576 3097 701 3172 multis
718 3099 865 3182 summis
882 3098 981 3172 Vitis
997 3096 1202 3173 unitatum
1220 3100 1330 3175 vide-

275 3227 376 3288 rem,
402 3199 497 3272 idem
516 3195 605 3268 mihi
621 3195 828 3274 institutum
848 3195 1041 3273 tenendum
1059 3201 1199 3297 putavi.
1250 3197 1330 3272 Ea·

275 3325 348 3401 que
365 3293 559 3384 causaest,
586 3319 651 3371 cur
670 3299 706 3369 in
732 3300 799 3370 hac
824 3297 997 3370 Editione
1025 3297 1196 3370 nonnulla
1220 3295 1333 3375 aliter

273 3399 463 3498 legantur,
496 3417 605 3493 quam
635 3396 672 3468 in
689 3395 720 3468 F
722 3395 1009 3489 teinshemianis,
1035 3395 1074 3469 &
1099 3393 1330 3492 Graeviana‚

272 3519 316 3570 ac
333 3490 516 3572 noviffima
535 3491 856 3567 Amstelodamensr
868 3494 926 3582 ,in
943 3518 1014 3593 qua
1029 3494 1138 3567 etiam
1157 3490 1329 3592 pluribus

266 3593 386 3685 ¹locis,
411 3614 518 3692 quam
538 3591 575 3663 in
595 3593 818 3680 Graeviana,
845 3593 884 3670 St
911 3591 1114 3682 interdum,
1141 3615 1221 3664 mea
1244 3588 1327 3677 sen·

271 3696 405 3783 tentia,
440 3711 567 3790 parum
600 3689 697 3765 reue
721 3691 788 3766 scri
817 3713 898 3766 tura
928 3690 1076 3764 aliarum
1106 3689 1328 3766 Editionum

267 3811 408 3868 mutata
431 3788 496 3865 est.
556 3717 893 3882 Animadvertibnes
920 3813 1033 3967 pprro
1060 3790 1215 3887 integras
1242 3785 1326 3861 Sal-

265 3887 388 3983 mafii,
421 3885 682 3986 Freinshemii,
719 3889 894 3985 Graevii,
984 3886 1141 3965 aliorum
1178 3881 1329 3964 selenas

1114 4014 1121 4030 r
1245 4004 1319 4059 uua
