2850 4767
313 286 383 378 156
491 265 543 349 L.
594 271 861 348 Annius
916 271 1153 350 Fnoni

308 383 491 489 oppressus
513 385 553 458 iti
581 381 658 458 finu
686 381 789 458 vallis
825 380 917 456 alter
941 382 1144 470 Consulum
1172 379 1377 486 Decius,

1237 513 1377 564 mot-e

312 645 434 704 nuliius,
453 646 502 696 ieiu
522 646 692 707 mitterentur]
711 647 742 692 lii
762 647 811 692 Na·
832 640 998 694 consideranti
1024 642 1129 712 patebit.
1168 643 1250 712 Qtod
1280 645 1373 698 dici·

313 713 415 761 ziiiano
436 709 496 759 cit:
520 711 568 758 reia
579 711 729 769 jacerentur.
764 709 809 756 Ni·
834 706 986 758 turribius
1017 712 1074 772 juga
1104 712 1201 770 montis
1224 713 1372 764 Ciminii

314 778 364 825 inis
393 775 492 841 po‘e'tice
525 772 586 820 haec
613 768 812 838 paratragoediat
834 770 956 831 tenuisse,
973 770 1002 821 id
1022 769 1105 823 secisse
1132 789 1192 824 euin
1213 790 1374 843 apparet,

315 847 456 901 Annaeus,
485 837 510 885 δι
532 849 628 902 praeter
649 836 701 883 reri
721 833 809 884 sidem.
835 848 862 885 ut
884 833 1046 903 conspedttm
1068 853 1100 888 ex
1125 836 1251 906 superiori
1287 842 1374 892 loco

316 903 405 954 Fabius
426 901 503 968 captis
517 897 684 966 superioribus
706 900 771 964 jugis
785 900 811 946 in
834 913 950 968 caperet,
966 898 1000 948 ad
1018 900 1248 970 contemplandum
1264 903 1371 956 situm

315 966 439 1028 subieiios
460 964 504 1015 suo
526 966 576 1024 jure
596 961 737 1026 detonuit,
772 976 812 1011 ea·
836 965 861 1012 ὃ(
880 979 938 1014 arva
952 965 1071 1015 Etruriae.
1109 973 1165 1016 lloc
1184 982 1246 1016 cum
1268 967 1373 1019 fecis·

336 1046 367 1080 ue
393 1027 486 1096 species
513 1027 537 1075 δι
563 1029 650 1092 imago
671 1027 813 1078 certaminis
835 1024 895 1091 set,
918 1031 1013 1077 milites
1032 1028 1114 1080 emisit
1131 1043 1201 1082 eitra
1224 1029 1343 1082 saltum
1356 1065 1371 1090 ,

314 1047 381 1158 suit,
399 1093 466 1160 quali
487 1093 513 1140 in
529 1093 584 1140 terri
604 1105 663 1140 enas
683 1107 711 1140 ac
725 1093 811 1164 gigan·
836 1107 929 1159 nempe
941 1094 968 1141 in
985 1107 1072 1154 agrum
1085 1109 1131 1145 eos
1142 1094 1257 1146 hostium
1273 1101 1367 1147 emi-

315 1171 381 1210 tesa
400 1159 474 1207 coelo
487 1169 514 1204 ac
529 1105 633 1204 nubibus
652 1155 701 1204 tela
714 1160 759 1204 Dii
780 1157 812 1216 ia·
836 1156 872 1205 iit.
905 1161 941 1205 Ex
961 1170 1036 1230 quo,
1059 1159 1158 1270 inperiti
1178 1162 1230 1221 jam
1253 1158 1369 1212 abadia

315 1225 464 1274 cularcntur.
497 1221 573 1286 Atqui
586 1219 650 1268 nihil
670 1221 698 1267 in
719 1233 745 1268 re
761 1253 769 1280 ,
788 1230 814 1267 ut
837 1218 928 1285 praeda
942 1250 952 1279 ,
968 1237 997 1268 ιιι
1014 1237 1115 1273 oceuru
1138 1223 1290 1274 habuerunt
1317 1238 1369 1276 tii·

264 1327 267 1333 ·
315 1285 577 1410 &stilicidii
595 1283 813 1412 *siluistis
836 1285 1100 1399 llllilisilill‘
1120 1287 1366 1418 ‘qll‘z‘iiiti‘g

318 1383 707 1529 uetitiuttin’ftlu
725 1410 813 1523 ‘itu
834 1417 887 1525 u
908 1370 1370 1532 ‘etiuuli‘uluzeie

316 1497 404 1607 sigilla
436 1541 519 1606 copias
546 1533 601 1586 suas
634 1492 750 1588 ttadu’xid)
768 1552 813 1609 pet
835 1545 880 1588 Eis
898 1491 976 1590 padeo
1000 1541 1178 1609 incompofitas
1201 1495 1284 1597 stilic
1325 1549 1359 1596 δι

315 1622 376 1657 eum
402 1601 514 1666 saltum,
546 1597 682 1666 praemiliis
702 1599 812 1669 impedi·
835 1603 976 1654 inconditas
995 1602 1058 1655 dicit
1079 1608 1182 1670 Livius,
1198 1621 1226 1657 ut
1250 1609 1358 1660 vindi·

317 1670 429 1726 mentis,
446 1668 471 1716 δι
492 1665 635 1730 legionibus
655 1663 710 1732 post
732 1667 812 1739 impe·
834 1671 874 1741 ces
895 1665 1044 1735 praedarum
1069 1669 1115 1737 ipsi
1161 1670 1253 1722 raedae
1285 1674 1356 1724 fue·

288 1765 291 1770 -
317 1731 431 1783 dimonia
451 1732 486 1780 ire
502 1727 583 1794 jussis,
602 1726 812 1797 ipsecumequi-
834 1742 894 1782 rint.
930 1733 996 1782 llinc
1025 1733 1107 1784 notter
1136 1687 1241 1803 sumpsit
1268 1735 1360 1805 quod

315 1793 515 1857 tatu'substitit,
533 1793 558 1840 bt
571 1795 625 1844 luce
647 1807 700 1844 orta
712 1794 812 1861 postero
834 1795 892 1844 heic
911 1798 989 1846 etiarn
1006 1794 1101 1848 habet:
1121 1803 1186 1850 Nare
1196 1800 1286 1860 subire
1309 1806 1357 1850 ire-

315 1859 358 1912 die
371 1861 526 1928 obequitavit
534 1853 679 1909 stationibus
692 1857 814 1920 hostium,
835 1857 938 1908 serdices
966 1873 993 1908 ui
1011 1877 1038 1907 ue
1065 1865 1177 1928 peluem
1205 1867 1350 1931 aggnffi„

316 1939 379 1994 quae
393 1921 562 1974 extrasilturn
583 1935 654 1972 erant
674 1921 812 1972 ordinatae.
835 1924 891 1980 eli.-
920 1931 954 1974 At
1021 1921 1075 1975 suin
1103 1927 1175 1994 quod
1204 1924 1353 1994 sequitur:

315 1993 378 2040 Mox
405 1989 432 2038 iri
458 1985 533 2037 castre
553 1981 579 2034 se
605 1986 724 2054 recepit,
753 2003 812 2036 cuin
835 1988 895 2048 June
926 1991 1001 2055 tupris
1022 1991 1182 2055 superioribus
1207 1994 1283 2058 jugis
1321 1999 1355 2046 ire

316 2051 363 2103 diu
389 2049 513 2104 motando
540 2047 639 2102 hostem
666 2049 812 2116 fatigasset,
827 2052 945 2113 suijeiirr
955 2055 1001 2114 sue
1012 2053 1070 2112 jure
1085 2051 1200 2105 hierus.
1226 2063 1262 2108 ln
1284 2060 1350 2124 pla-

316 2117 400 2168 easitis
419 2114 513 2166 deinde
533 2111 640 2179 egressus
659 2128 731 2182 porta
749 2119 810 2166 alte·
834 2132 896 2166 num
920 2118 971 2178 jani
994 2114 1155 2170 descenderat
1179 2119 1257 2170 miles
1284 2127 1349 2172 Ro·

317 2198 344 2233 ta
376 2193 434 2232 ante
466 2179 567 2230 nostem
595 2193 710 2245 agmen,
734 2177 813 2294 pund
835 2196 939 2244 manus,
958 2183 1061 2251 &iextra
1078 2181 1168 2234 saltum
1184 2181 1293 2235 emissus
1316 2190 1349 2237 iri

317 2244 493 2313 praemiserat,
510 2241 556 2293 nise
578 2257 650 2292 uutus
663 2243 708 2292 est.
759 2245 811 2306 osse-
834 2259 894 2309 agro
911 2249 1011 2295 Etrusco
1028 2250 1159 2312 ingentem
1176 2251 1227 2313 jam
1243 2250 1349 2316 abege·

318 2328 360 2374 re,
378 2311 476 2378 inquit,
492 2305 546 2372 die,
559 2261 610 2360 sure
628 2310 730 2375 prisea,
750 2310 813 2374 juga
835 2322 871 2382 rat
889 2307 1029 2383 praedant,
1045 2327 1102 2360 cuin
1121 2315 1158 2363 eis
1173 2329 1350 2366 occurrerunt

318 2377 415 2427 Ciminii
442 2379 524 2425 montis
550 2372 652 2422 seriebus.
689 2369 745 2422 Inde
761 2390 813 2422 euri·
833 2373 891 2421 illae
909 2371 1052 2424 inconditae
1076 2392 1103 2426 ac
1118 2379 1243 2444 palantes
1266 2396 1351 2445 agre-

319 2441 447 2506 rerepiurus
474 2439 586 2502 rpuieneu
611 2439 729 2486 Etruriae
746 2452 813 2484 arva
834 2437 907 2486 sliutn
924 2435 1082 2491 Etruscorum
1104 2443 1248 2506 cobortes,
1271 2461 1342 2510 quas

317 2507 403 2554 ,uiliter
420 2503 517 2550 emittis.
553 2503 711 2562 Ingentijeru
724 2501 811 2549 aiaiiu
834 2498 954 2549 sudetunt
981 2501 1188 2573 sugevemntque·
1219 2512 1345 2560 Sinni.

315 2564 431 2636 praeda,
449 2563 621 2611 tumultuariae
634 2565 760 2630 agrestiun
775 2568 809 2614 E·
838 2567 897 2614 Tela
917 2567 1087 2633 mitterentur]
1112 2574 1202 2620 Natat.
1219 2571 1347 2631 jaceres:-

317 2627 586 2693 eruscerurmehurtes,
603 2640 695 2695 reperite
716 2644 732 2674 u
743 2631 811 2696 priri-
833 2645 898 2683 rur,
922 2628 1010 2696 quud,
1035 2637 1093 2697 quit
1115 2632 1346 2700 praestantissimus

317 2695 406 2762 cipibus
419 2693 468 2753 ejus
482 2693 583 2756 regionis
597 2698 747 2751 concitatae,
761 2693 809 2743 Re·
833 2690 911 2742 codex
929 2709 987 2760 prae
1011 2693 1036 2745 se
1059 2695 1132 2762 sert,
1155 2699 1346 2765 recipiendum

317 2761 394 2810 munis
413 2769 556 2814 recurrunt,
574 2751 630 2807 ader
643 2754 879 2823 ircuupefiramffc
897 2756 1028 2814 contendit
1047 2763 1103 2809 Nic.
1122 2762 1345 2828 Heinsius,prne·

296 2837 346 2872 ,ue
372 2820 474 2871 vindicer
490 2816 657 2888 praedurare,
677 2835 750 2888 prope
767 2823 808 2886 ipss
820 2806 919 2873 'sertim
936 2837 993 2872 curn
1011 2825 1036 2875 δι
1057 2825 1118 2876 alibi
1135 2825 1167 2878 sic
1183 2828 1288 2878 locutus
1307 2829 1341 2879 stt

316 2885 422 2956 praedae
437 2885 543 2946 suerint.
580 2885 655 2948 Caefii
670 2884 775 2949 sugatis
785 2900 811 2930 ue
834 2885 943 2949 Florus,
966 2887 1012 2938 lib.
1033 2905 1088 2941 ιιι.
1107 2907 1146 2940 21.
1164 2889 1282 2957 sudesque
1304 2894 1339 2948 δ’

317 2955 370 3015 r's's,
394 2952 443 3000 late
461 2948 600 3015 depopulato
619 2965 701 3014 agro,
732 2902 811 2996 viidie
827 2950 894 3022 [axa
926 2950 1025 3020 undique
1050 2971 1068 3004 ι
1091 2955 1205 3022 reperisset
1228 2974 1259 3004 ae
1284 2959 1343 3007 'teia

316 3017 454 3075 Romanus,
470 3010 634 3081 opulentusque
652 3029 731 3060 rerum
749 3014 811 3060 omni
827 3027 976 3070 jacerentur.
1010 3018 1049 3068 sie
1060 3017 1143 3080 jecere
1155 3021 1250 3082 fulmen
1264 3051 1274 3078 ,
1290 3023 1341 3084 ja.

315 3084 402 3148 eopia,
419 3081 443 3126 in
457 3093 485 3125 eu
504 3077 585 3140 eastra
597 3073 677 3128 rediit.
712 3082 811 3127 Locum
832 3092 881 3126 cere
904 3080 955 3128 reia
978 3078 1051 3148 saepe
1072 3081 1141 3150 apud
1158 3081 1291 3136 Nasonem
1311 3088 1341 3136 δι

315 3146 441 3209 integrum
462 3141 551 3204 retuli,
568 3153 596 3190 ut
614 3139 733 3204 constet,
748 3154 810 3190 euin
831 3155 845 3189 a
865 3137 898 3192 ud
920 3149 1042 3198 senecam
1062 3147 1089 3198 in
1107 3146 1256 3213 Tragoediis
1278 3165 1340 3202 non

313 3211 390 3260 Floro
403 3203 487 3257 nostro
500 3207 593 3255 lestum
608 3207 632 3254 ic
653 3205 719 3254 mele
738 3205 812 3254 intel·
842 3207 909 3256 eniel
930 3204 983 3258 ase
1002 3208 1139 3268 restitutum
1158 3213 1195 3260 ait
1213 3226 1245 3262 ex
1265 3218 1342 3280 opti·

316 3275 587 3338 lustumpratamque
595 3271 734 3333 imaginem
742 3283 811 3337 prae-
834 3271 883 3319 mit
902 3272 1221 3326 mensuetudinis.
1256 3279 1340 3338 Jace·

317 3339 347 3388 lii
376 3334 437 3386 inde
468 3329 615 3403 concepisse.
651 3338 719 3385 Cum
742 3333 810 3385 enim
834 3348 917 3383 rentur
936 3339 1014 3387 etiam
1033 3335 1099 3388 Vols.
1125 3354 1146 3388 i.
1164 3353 1186 3392 ι.
1204 3340 1340 3408 bipeda.

316 3405 433 3465 legcret,
451 3397 554 3448 Fabium
578 3399 634 3464 iugi
651 3399 746 3448 montis
768 3400 811 3450 ci·
834 3413 887 3448 nes.
924 3403 990 3453 Livii
1008 3403 1079 3451 locus
1098 3400 1165 3470 apud
1184 3405 1339 3456 salmasium

312 3469 391 3516 minii
409 3460 535 3526 tenuisse,
555 3460 655 3512 &inde
673 3464 768 3512 milites
785 3477 811 3512 e·
834 3462 871 3512 est
896 3465 952 3516 Lib.
983 3483 1019 3516 rr.
1041 3480 1065 3514 c.
1087 3477 1127 3522 3⁶·
1159 3473 1269 3535 Begerus
1296 3471 1340 3519 liic

317 3525 423 3588 misisse,
441 3527 472 3576 fic
490 3529 664 3592 interpretatus
681 3526 733 3590 est,
753 3543 848 3596 qua-q
903 3544 933 3578 ue
968 3530 1069 3582 florum
1099 3542 1184 3581 tuetur
1212 3530 1338 3584 adversus

316 3593 334 3641 li
365 3608 395 3642 ex
427 3587 592 3658 superioribus
625 3593 720 3640 inuritis
748 3592 812 3655 jugit
833 3605 877 3644 cen
891 3588 961 3643 uram
983 3593 1100 3654 Graevii;
1119 3594 1164 3646 sed
1183 3593 1228 3647 suo
1248 3613 1337 3648 more.

315 3671 373 3706 cuni
391 3671 446 3705 roto
462 3657 570 3704 exercitu
586 3657 613 3703 in
640 3655 744 3717 liostes,
766 3657 812 3722 qui
834 3655 966 3723 scripserat
979 3658 1101 3708 Graevius
1120 3662 1148 3710 iii
1161 3660 1336 3720 lraesatione,

317 3722 344 3767 in
363 3721 438 3784 plano
454 3734 547 3776 erant,
564 3721 689 3784 impeturn
707 3718 810 3782 fecerit,
832 3722 935 3772 Florum
949 3721 1079 3773 interdum
1100 3721 1212 3790 putide,
1235 3726 1262 3774 be
1276 3741 1337 3776 iiori

316 3781 408 3847 eosque
425 3783 554 3832 deleverit.
588 3788 648 3832 Non
671 3779 748 3834 irase
772 3766 879 3853 resisuo
908 3787 967 3836 loco
993 3786 1116 3837 ostentare
1135 3788 1339 3848 eruditionem,

302 3845 399 3901 ‘hibuit
411 3877 422 3907 ‚
451 3862 478 3898 ot
500 3847 618 3902 attentius
647 3847 719 3900 verba
741 3845 810 3902 Livii
826 3847 858 3899 ob
878 3862 986 3922 eamque
1012 3846 1113 3911 ausam
1138 3851 1180 3907 liic
1207 3856 1338 3919 Gigantei.

1283 3931 1343 3968 irta-
