2850 4767
313 361 384 471 138
501 355 553 438 L.·
601 359 864 436 Annaei
912 355 1145 434 Fanni

277 489 405 568 otnaei
425 486 517 584 ignis
537 484 711 558 imitator.
760 478 882 552 Urbes
909 478 953 552 ad
981 505 1108 576 mare,
1140 483 1362 585 Formiae,

311 589 482 676 Cumae,
531 584 707 672 Puteoli,
763 577 972 675 Neapolis,
1029 581 1312 660 Herculaneum
1335 641 1356 682 ‚

301 685 479 782 Pompeii
497 737 510 776 ,
536 679 668 780 &ipsa
686 695 796 775 caput
813 677 958 750 urbium
980 679 1125 778 Capua,
1146 686 1363 778 quondam¹

309 784 406 858 inter
430 799 501 855 tres
531 783 735 865 maximas,
775 775 964 867 Romam,
998 779 1354 880 Carthaginemque

1203 905 1354 953 nume-

313 1093 361 1146 pos
379 1077 422 1126 lib.
439 1087 462 1127 6.
482 1075 559 1145 Epist.
581 1087 619 1126 16.
637 1073 729 1126 scribit·
757 1076 808 1124 AEt·
834 1069 915 1136 stigia.
947 1073 984 1122 Ac
1002 1069 1112 1141 denique
1134 1073 1229 1124 vitruv.
1252 1092 1296 1126 tx.
1318 1088 1365 1128 συ

312 1159 345 1194 na
364 1143 460 1190 Siciliae
480 1156 570 1203 mons,
588 1153 708 1207 perpetuo
723 1141 807 1188 incen·
834 1151 894 1185 eum
920 1139 1056 1202 antiquitat
1072 1141 1188 1199 fimat
1208 1143 1352 1202 evonuzffe

256 1212 259 1216 '
312 1206 357 1255 dio
378 1208 405 1254 in
425 1207 514 1254 veitice
534 1207 617 1270 lucet,
634 1201 737 1270 eiusque
751 1218 806 1250 cau·
834 1201 978 1249 memorari.
1016 1200 1092 1251 Plane
1116 1203 1234 1268 incendia
1255 1205 1351 1254 Vel’u·

311 1265 364 1318 sam
390 1267 496 1336 justinus
521 1267 592 1332 451,
617 1285 653 1326 ¹4·
685 1261 804 1317 reddidit.
834 1266 868 1312 vii
883 1278 927 1330 pet
942 1265 1040 1330 aliquot
1060 1263 1155 1316 saecula
1174 1274 1350 1334 anteAugu-

312 1339 442 1382 sanutus.
477 1331 590 1384 incendii
605 1329 646 1380 sub
660 1333 735 1387 Tito,
754 1345 806 1378 me·
835 1327 899 1378 stum
928 1329 996 1376 nulla
1023 1325 1117 1393 fuiffe,
1146 1331 1225 1379 etiam
1244 1347 1279 1382 ex
1305 1349 1351 1383 eo

312 1397 477 1447 miniterium
492 1398 611 1445 Martialis
625 1414 650 1454 4.
664 1414 705 1454 44.
723 1408 805 1461 eoque
851 1389 960 1442 tobabile
975 1389 1089 1456 videtui,
1105 1392 1351 1461 quodLiviusnul-

207 1477 212 1500 ¹
310 1459 430 1510 caelium
452 1457 547 1510 Baffum
567 1462 666 1508 Poe'tam
687 1460 805 1524 Lyricum
835 1408 884 1504 fam
898 1452 1002 1523 usquam
1016 1471 1107 1507 eorum
1119 1461 1284 1508 mentionem
1301 1461 1350 1510 fa-

310 1539 369 1572 eum
390 1525 448 1572 villa
468 1523 507 1573 lua
528 1519 807 1588 conflagtass‘e,se1ibit
833 1525 886 1569 eit:
911 1522 955 1586 qui
990 1534 1049 1569 uum
1075 1523 1101 1571 in
1118 1519 1242 1588 prodigiis
1268 1526 1347 1574 refe-

312 1588 340 1636 in
354 1589 403 1636 vita
417 1591 469 1650 eius
482 1593 571 1654 Petrus·
580 1591 699 1638 Crinitus.
733 1591 806 1636 Cete-
834 1581 916 1656 tendis
930 1536 1176 1648 adiuperstitionem
1198 1584 1279 1654 usque
1297 1588 1348 1637 di.

313 1667 370 1700 tum
384 1653 453 1715 pluto
468 1651 521 1718 post
541 1653 588 1702 hoc
604 1647 702 1706 vesuvii
723 1651 807 1700 iucen-
834 1653 915 1711 ligem
928 1647 980 1712 fit,
997 1662 1052 1698 tem
1066 1663 1117 1698 tam
1138 1650 1347 1704 memorabilem

314 1713 358 1764 dia
371 1730 549 1766 memorantur.
574 1716 806 1777 semelcum,l¹10·
835 1727 886 1760 non
913 1713 1089 1777 praeteriturus
1116 1712 1189 1764 fuisse
1216 1714 1346 1780 videtur,

313 1779 391 1845 copio
404 1779 448 1828 lib.
464 1798 487 1829 2.
506 1779 619 1830 Gotthic.
641 1779 723 1841 telle,
742 1779 807 1826 cine·
835 1775 853 1824 li
875 1773 938 1840 quid
962 1774 994 1826 de
1012 1791 1041 1826 ea
1064 1779 1092 1826 in
1115 1777 1217 1828 vetustis
1240 1795 1346 1830 mouu-

311 1857 352 1896 χοε
379 1847 525 1906 Byzantium
543 1839 618 1910 usque
640 1841 717 1892 delati
742 1839 805 1890 sunt.
837 1840 927 1887 mentis
951 1839 1081 1909 proditum
1105 1840 1260 1905 inveuilset,
1293 1845 1344 1894 vel

312 1907 427 1957 l’luviam
440 1910 511 1958 illam
525 1909 645 1957 tineream
660 1907 736 1956 tefett
749 1902 807 1955 Cas·
835 1905 931 1969 alioqui
954 1905 1023 1952 fama
1048 1906 1179 1970 cognitum
1202 1905 1348 1960 hahuitset.

314 1969 410 2020 stodor.
424 1990 448 2030 4.
466 1990 503 2029 50·
531 1973 554 2019 ἃ
569 1978 677 2020 zonaras
697 1984 761 2019 tom.
785 1985 806 2024 3.
834 1964 900 2017 add.
920 1968 1067 2019 Cluvetium
1094 1984 1131 2018 tv.
1156 1971 1212 2021 Ital.
1236 1985 1292 2021 ant.
1311 1993 1347 2034 4.

313 2049 423 2102 eamque
449 2050 568 2100 regnante
601 2041 688 2086 Leone
715 2038 809 2095 Magno
836 2035 861 2078 δι
876 2031 925 2096 Jul.
951 2029 1023 2082 Caes.
1041 2035 1193 2100 Recupitum
1209 2037 1238 2085 iu
1253 2034 1346 2086 Libro

313 2097 435 2149 aeeidilse.
471 2109 564 2151 lictum
580 2100 718 2165 imperante
740 2102 807 2145 Con·
836 2093 868 2142 de
886 2095 1007 2144 incendio
1027 2094 1167 2148 Vesutiano
1191 2113 1216 2164 p·
1242 2110 1285 2157 69.
1314 2103 1347 2150 dt

314 2162 424 2213 (lantino
450 2178 560 2230 quatto,
591 2164 658 2214 Paul.
689 2164 759 2210 Diae.
785 2172 808 2207 ⁶.
838 2156 878 2225 seq
899 2195 905 2206 .
925 2165 954 2208 ln
972 2159 1038 2210 cod.
1064 2161 1144 2225 Ryck.
1169 2161 1283 2214 hicnon
1300 2164 1348 2216 est

313 2245 340 2286 4.
379 2227 506 2278 Postremo
537 2243 604 2279 anno
634 2221 810 2290 nyoyou'au
839 2227 963 2281 Veeuua,
987 2221 1031 2274 sed
1055 2227 1176 2287 Μαρια.
1210 2232 1242 2276 lu
1267 2231 1342 2280 Νη.

313 2296 501 2342 Moxxxvlu.
531 2291 677 2344 'Munstetus
703 2292 808 2344 Colino-
838 2294 917 2352 Reg.
942 2289 968 2336 δι
990 2287 1055 2339 Vols.
1084 2307 1105 2340 1.
1132 2291 1256 2352 Vesuvius.
1282 2295 1344 2345 l’al.

313 2355 403 2422 graph.
427 2357 471 2406 lib.
493 2375 517 2406 a.
542 2358 567 2406 dt
586 2361 667 2410 nostra
687 2359 809 2408 memoria
841 2370 862 2401 1.
880 2357 945 2402 Flot.
971 2354 1050 2418 Magl.
1069 2355 1152 2404 Betol.
1170 2353 1238 2422 apud
1254 2361 1345 2421 Bege-

314 2435 395 2484 nupet
414 2436 527 2470 extremo
550 2430 626 2474 Anno
646 2428 808 2475 noemi.
839 2432 910 2478 tum,
928 2415 1014 2467 Duisb·
1033 2417 1099 2468 Voss.
1118 2436 1142 2468 2·
1161 2419 1267 2486 &June
1288 2425 1345 2471 Ve-

315 2488 452 2533 ranium.
486 2487 809 2538 MotetiusinLexicol‘e·
832 2481 911 2540 sevus.
944 2482 1051 2542 Palu·
1082 2479 1149 2532 Voff·
1181 2500 1204 2540 ³·
1239 2488 1344 2540 meus.

313 2543 411 2594 savium
425 2560 482 2594 ante
496 2550 599 2612 Augusti
614 2563 722 2606 aetatem
738 2552 811 2616 quin·
838 2551 909 2594 Fran.
929 2546 954 2592 dt
971 2561 994 2594 v.
1012 2559 1038 2592 e·
1056 2550 1167 2605 Vestitus.
1202 2547 1275 2597 Nihil
1296 2550 1345 2599 in·

334 2611 387 2658 uies
408 2607 485 2658 atfill'e
507 2607 595 2662 sctibit.
631 2620 685 2664 Hoc
705 2629 810 2680 quoau-
839 2609 909 2658 retest
925 2611 1147 2678 Vesuviatlegatm
1166 2625 1198 2659 att
1212 2616 1347 2673 Vesevus:

340 2687 383 2721 ote
403 2671 491 2736 ditat,
509 2691 560 2724 non
580 2673 651 2728 scio:
676 2691 722 2726 nec
744 2679 814 2742 legi,
839 2670 882 2721 sed
902 2673 950 2722 hoc
971 2675 1075 2741 recepi,
1103 2671 1175 2743 quod
1194 2676 1233 2724 vix
1251 2680 1344 2742 potest

313 2737 359 2804 qui
380 2749 474 2786 celtum
495 2750 594 2805 tempus
614 2743 682 2792 illius
702 2741 812 2791 incendii
837 2735 908 2786 effen
923 2734 1016 2789 scribit.
1048 2743 1080 2788 Et
1091 2741 1126 2789 ita
1138 2737 1248 2807 placebat
1271 2747 1342 2796 Get.

312 2815 371 2853 ante
398 2809 484 2852 Tuum
511 2803 686 2870 adnotaverit,
717 2820 813 2872 praeiet
839 2801 930 2853 vossio.
958 2840 964 2852 .

313 2867 393 2919 Annii
407 2865 545 2925 litiosam,
562 2872 605 2936 qui
624 2872 651 2918 in
665 2869 737 2920 rebus
751 2877 810 2920 Ata·
871 2877 895 2916 ⁶.
920 2867 1049 2932 Formiae]
1073 2865 1135 2916 Urbs
1158 2869 1342 2938 campaniae,

315 2926 366 2994 di,
396 2947 471 2998 quem
499 2931 632 2998 septimum
659 2933 809 2998 Allytiotum
836 2931 902 2994 ptius
918 2933 1033 2982 Hormiae
1047 2930 1122 2982 dista.
1141 2932 1226 2983 strabo
1245 2933 1291 2986 lib.
1312 2955 1342 2994 5·

315 3002 415 3062 Regem
436 2997 520 3053 facit,
545 2995 644 3047 Vesuvii
663 2997 808 3046 incendium
834 2994 898 3042 Plin.
914 3012 935 3050 ς.
952 3011 974 3051 ς.
993 2993 1156 3064 quadraginta
1172 2995 1343 3050 stadiisaca.

314 3074 448 3112 memorat.
483 3058 531 3110 Sed
544 3060 601 3110 huic
613 3077 737 3135 quantum
750 3061 809 3111 fidei
835 3063 892 3119 ieta.
927 3059 1137 3110 cluveriusillud
1157 3058 1237 3127 ipsum
1259 3079 1293 3131 op
1317 3069 1340 3114 i.

315 3124 460 3176 habendum
475 3125 519 3187 sit,
537 3140 612 3176 nemo
627 3139 733 3191 agnotat.
758 3133 807 3175 Au·
834 3120 895 3172 dum
916 3121 964 3172 ell'e
989 3137 1127 3188 autumat,
1159 3123 1229 3191 quod
1251 3125 1289 3176 ho
1311 3132 1341 3180 ie

313 3189 378 3256 gusti
401 3204 515 3255 tempore
534 3192 628 3240 nullam
650 3203 741 3240 certam
768 3206 812 3240 no
835 3190 906 3239 Mola
924 3186 1021 3238 dicitur.
1040 3195 1178 3240 fantum.

233 3281 235 3289 ·
315 3257 398 3304 titiam
418 3270 446 3303 ac
467 3257 640 3317 memotiam,
657 3252 700 3304 sed
713 3267 810 3304 tantum
870 3250 1155 3318 canae1vemstlffima
1178 3253 1204 3300 δι
1227 3255 1341 3308 nobilis-

315 3319 469 3370 vetositniles
497 3315 621 3433 puasdam,
644 3319 815 3382 coniestutas,
837 3315 895 3365 sima
909 3319 1010 3380 civitas,
1027 3313 1259 3366 achaleidenfibui
1273 3335 1341 3374 con.

316 3385 344 3432 δι
364 3373 484 3433 ieiunam
510 3399 594 3432 amam
609 3381 720 3434 incendii
736 3381 811 3432 vesu·
838 3380 907 3446 dita,
917 3381 976 3430 teste
991 3381 1104 3443 velleio,
1120 3395 1141 3429 t.
1151 3381 1341 3443 4,2.&Strab.

316 3449 384 3498 viani
405 3446 518 3498 exstitisse
568 3448 676 3512 intelligi
696 3446 778 3514 potest
799 3464 813 3498 e
837 3446 881 3497 lib.
901 3463 923 3502 ς.
944 3453 1028 3497 luant.

317 3511 454 3570 strabone,
471 3514 522 3562 Dio
542 3527 587 3562 oto
610 3513 709 3575 Siculo,
726 3513 753 3561 dt
772 3515 812 3561 Vi·
869 3510 977 3574 Puteoli]
997 3506 1055 3557 Urba
1067 3511 1240 3575 campaniaca
1253 3515 1339 3565 Ater.

315 3577 421 3639 truvio,
464 3579 489 3626 ui
510 3592 540 3626 ea
559 3589 638 3628 aetate
665 3575 812 3626 floruerunt.
837 3590 872 3624 no
891 3572 922 3622 ab
941 3571 1165 3637 occasuabluitut,
1183 3573 1212 3623 ab
1231 3588 1288 3624 ortu
1303 3579 1339 3630 fi.

316 3639 383 3708 Nam
405 3648 455 3688 stta
474 3657 490 3690 o
511 3639 565 3690 Lib.
588 3657 612 3691 ν.
634 3657 660 3708 p.
682 3657 737 3700 ²47·
756 3636 813 3691 seri·
838 3653 893 3698 nu,
918 3639 958 3689 eui
977 3637 1108 3687 Puteolano
1123 3653 1223 3688 *nomen
1242 3637 1337 3706 dedit,

315 3697 369 3760 bit,
386 3716 401 3750 e
421 3703 500 3765 facie,
519 3719 594 3769 quam
614 3717 696 3756 vetttx
716 3706 813 3754 montio
837 3698 889 3767 ipsa
912 3704 975 3752 olim
997 3703 1162 3752 Dicaeartbia
1182 3702 1246 3753 dida
1265 3705 1338 3771 fuit,

316 3763 814 3882 afli‘lilllilallstllz
838 3765 1179 3880 llll‘illll‘illl‘
1195 3766 1340 3882 530⁸?

316 3903 375 3962 eum
398 3843 512 3962 {ondam
531 3897 620 3956 arſsffe.
652 3849 683 3948 Ei
704 3847 812 3946 Diopdot.
839 3865 924 3956 sebio:
941 3895 1029 3960 primis
1049 3899 1147 3945 Romae
1166 3862 1234 3946 c'ois.
1253 3851 1341 3952 litui:

315 3959 364 4022 sic.
379 3952 433 4002 Lib.
453 3971 488 4004 tv.
504 3973 529 4023 p.
548 3975 601 4014 159.
619 3961 696 4012 multa
712 3973 813 4008 eumne·
840 3957 1023 4008 &Collatinm
1056 3956 1120 4007 Inde
1141 3975 1156 4010 a
1175 3972 1264 4026 putote
1282 3959 1340 4014 sul.

318 4025 397 4068 tutete
417 4020 611 4083 infiammatus
635 4024 752 4092 pristina
773 4039 813 4076 ve·
839 4020 952 4088 phoieo,
969 4035 1046 4089 quem
1058 4037 1138 4092 aquae
1159 4036 1271 4095 tepentes
1291 4042 1340 4079 ex.

1227 4087 1341 4163 halant,
