<?xml version="1.0" encoding="UTF-8"?>
<!DOCTYPE html PUBLIC "-//W3C//DTD XHTML 1.0 Transitional//EN"
    "http://www.w3.org/TR/xhtml1/DTD/xhtml1-transitional.dtd">
<html xmlns="http://www.w3.org/1999/xhtml" xml:lang="en" lang="en">
 <head>
  <title>
</title>
<meta http-equiv="Content-Type" content="text/html;charset=utf-8" />
  <meta name='ocr-system' content='tesseract 3.04.00' />
  <meta name='ocr-capabilities' content='ocr_page ocr_carea ocr_par ocr_line ocrx_word'/>
</head>
<body>
  <div class='ocr_page' id='page_1' title='image "./lannaeifloriepi00dukegoog_0032.png"; bbox 0 0 2850 4767; ppageno 0'>
   <div class='ocr_carea' id='block_1_1' title="bbox 259 250 980 355">
    <p class='ocr_par' dir='ltr' id='par_1_1' title="bbox 259 250 980 355">
     <span class='ocr_line' id='line_1_1' title="bbox 259 250 980 355; baseline -0.006 -3"><span class='ocrx_word' id='word_1_1' title='bbox 259 250 980 355; x_wconf 66' lang='lat' dir='ltr'>PRAEFATIO.</span> 
     </span>
    </p>
   </div>
   <div class='ocr_carea' id='block_1_2' title="bbox 105 440 1250 3677">
    <p class='ocr_par' dir='ltr' id='par_1_2' title="bbox 135 440 1250 1523">
     <span class='ocr_line' id='line_1_2' title="bbox 138 440 1154 545; baseline -0.005 -24"><span class='ocrx_word' id='word_1_2' title='bbox 138 448 204 521; x_wconf 86' lang='lat' dir='ltr'>mihi</span> <span class='ocrx_word' id='word_1_3' title='bbox 219 444 329 541; x_wconf 87' lang='lat' dir='ltr'>possea</span> <span class='ocrx_word' id='word_1_4' title='bbox 344 500 357 536; x_wconf 76' lang='lat'>„</span> <span class='ocrx_word' id='word_1_5' title='bbox 389 448 466 545; x_wconf 90' lang='lat' dir='ltr'>jam</span> <span class='ocrx_word' id='word_1_6' title='bbox 484 440 559 517; x_wconf 89' lang='lat' dir='ltr'>sere</span> <span class='ocrx_word' id='word_1_7' title='bbox 577 443 728 518; x_wconf 90' lang='lat' dir='ltr'>dimidia</span> <span class='ocrx_word' id='word_1_8' title='bbox 743 462 846 543; x_wconf 89' lang='lat' dir='ltr'>parte</span> <span class='ocrx_word' id='word_1_9' title='bbox 863 444 983 542; x_wconf 88' lang='lat' dir='ltr'>operis</span> <span class='ocrx_word' id='word_1_10' title='bbox 1003 440 1154 537; x_wconf 86' lang='lat' dir='ltr'>impres·</span> 
     </span>
     <span class='ocr_line' id='line_1_3' title="bbox 138 538 1153 642; baseline -0.004 -25"><span class='ocrx_word' id='word_1_11' title='bbox 138 547 184 629; x_wconf 83' lang='lat' dir='ltr'>sa,</span> <span class='ocrx_word' id='word_1_12' title='bbox 211 544 444 642; x_wconf 84' lang='lat' dir='ltr'>suppeditavit</span> <span class='ocrx_word' id='word_1_13' title='bbox 473 542 545 613; x_wconf 85' lang='lat' dir='ltr'>Vir</span> <span class='ocrx_word' id='word_1_14' title='bbox 574 540 714 617; x_wconf 83' lang='lat' dir='ltr'>Clariis.</span> <span class='ocrx_word' id='word_1_15' title='bbox 753 542 970 616; x_wconf 88' lang='lat' dir='ltr'>Dominicus</span> <span class='ocrx_word' id='word_1_16' title='bbox 1008 538 1153 634; x_wconf 85' lang='lat' dir='ltr'>Basck,</span> 
     </span>
     <span class='ocr_line' id='line_1_4' title="bbox 138 637 1156 735; baseline -0.003 -19"><span class='ocrx_word' id='word_1_17' title='bbox 138 644 245 735; x_wconf 82' lang='lat' dir='ltr'>JCtus,</span> <span class='ocrx_word' id='word_1_18' title='bbox 268 643 302 716; x_wconf 70' lang='grc' dir='ltr'>ὅ(</span> <span class='ocrx_word' id='word_1_19' title='bbox 320 645 354 715; x_wconf 91' lang='lat' dir='ltr'>in</span> <span class='ocrx_word' id='word_1_20' title='bbox 367 640 562 715; x_wconf 85' lang='lat' dir='ltr'>Academia</span> <span class='ocrx_word' id='word_1_21' title='bbox 579 638 777 716; x_wconf 84' lang='lat' dir='ltr'>Frisiorum</span> <span class='ocrx_word' id='word_1_22' title='bbox 809 637 1032 714; x_wconf 79' lang='lat' dir='ltr'>Antecessor.</span> <span class='ocrx_word' id='word_1_23' title='bbox 1050 640 1156 713; x_wconf 87' lang='lat' dir='ltr'>Haec</span> 
     </span>
     <span class='ocr_line' id='line_1_5' title="bbox 138 732 1153 835; baseline -0.003 -23"><span class='ocrx_word' id='word_1_24' title='bbox 138 742 243 832; x_wconf 84' lang='lat' dir='ltr'>habui,</span> <span class='ocrx_word' id='word_1_25' title='bbox 265 738 427 835; x_wconf 82' lang='lat' dir='ltr'>Le8tor‚</span> <span class='ocrx_word' id='word_1_26' title='bbox 453 738 495 811; x_wconf 91' lang='lat' dir='ltr'>ad</span> <span class='ocrx_word' id='word_1_27' title='bbox 524 762 655 812; x_wconf 90' lang='lat' dir='ltr'>novam</span> <span class='ocrx_word' id='word_1_28' title='bbox 682 738 773 812; x_wconf 87' lang='lat' dir='ltr'>hanc</span> <span class='ocrx_word' id='word_1_29' title='bbox 798 737 1008 811; x_wconf 90' lang='lat' dir='ltr'>Editionem</span> <span class='ocrx_word' id='word_1_30' title='bbox 1035 732 1153 809; x_wconf 88' lang='lat' dir='ltr'>subfi-</span> 
     </span>
     <span class='ocr_line' id='line_1_6' title="bbox 137 834 1154 935; baseline -0.001 -27"><span class='ocrx_word' id='word_1_31' title='bbox 137 839 197 925; x_wconf 86' lang='lat' dir='ltr'>dia,</span> <span class='ocrx_word' id='word_1_32' title='bbox 220 862 300 935; x_wconf 86' lang='lat' dir='ltr'>quae</span> <span class='ocrx_word' id='word_1_33' title='bbox 320 836 417 909; x_wconf 89' lang='lat' dir='ltr'>unde</span> <span class='ocrx_word' id='word_1_34' title='bbox 446 834 569 910; x_wconf 71' lang='lat' dir='ltr'>nasius</span> <span class='ocrx_word' id='word_1_35' title='bbox 587 835 692 909; x_wconf 89' lang='lat' dir='ltr'>essem</span> <span class='ocrx_word' id='word_1_36' title='bbox 711 837 772 909; x_wconf 88' lang='lat' dir='ltr'>Te</span> <span class='ocrx_word' id='word_1_37' title='bbox 790 837 828 909; x_wconf 68' lang='grc' dir='ltr'>ὅ(</span> <span class='ocrx_word' id='word_1_38' title='bbox 851 835 1002 934; x_wconf 79' lang='lat' dir='ltr'>vesle&amp;</span> <span class='ocrx_word' id='word_1_39' title='bbox 1020 834 1154 907; x_wconf 89' lang='lat' dir='ltr'>debere</span> 
     </span>
     <span class='ocr_line' id='line_1_7' title="bbox 137 930 1153 1032; baseline -0.003 -25"><span class='ocrx_word' id='word_1_40' title='bbox 137 936 206 1008; x_wconf 90' lang='lat' dir='ltr'>scire</span> <span class='ocrx_word' id='word_1_41' title='bbox 223 934 422 1008; x_wconf 88' lang='lat' dir='ltr'>arbitrabar.</span> <span class='ocrx_word' id='word_1_42' title='bbox 473 936 523 1007; x_wconf 89' lang='lat' dir='ltr'>lis</span> <span class='ocrx_word' id='word_1_43' title='bbox 550 934 575 1008; x_wconf 87' lang='lat' dir='ltr'>si</span> <span class='ocrx_word' id='word_1_44' title='bbox 601 958 671 1032; x_wconf 92' lang='lat' dir='ltr'>qua</span> <span class='ocrx_word' id='word_1_45' title='bbox 688 954 789 1030; x_wconf 87' lang='lat' dir='ltr'>parte</span> <span class='ocrx_word' id='word_1_46' title='bbox 808 932 938 1006; x_wconf 90' lang='lat' dir='ltr'>melior</span> <span class='ocrx_word' id='word_1_47' title='bbox 964 930 1081 1005; x_wconf 67' lang='lat' dir='ltr'>fadtus</span> <span class='ocrx_word' id='word_1_48' title='bbox 1099 930 1153 1004; x_wconf 79' lang='lat' dir='ltr'>est</span> 
     </span>
     <span class='ocr_line' id='line_1_8' title="bbox 138 1029 1153 1131; baseline 0 -26"><span class='ocrx_word' id='word_1_49' title='bbox 138 1033 259 1119; x_wconf 82' lang='lat' dir='ltr'>Florus,</span> <span class='ocrx_word' id='word_1_50' title='bbox 283 1034 317 1104; x_wconf 91' lang='lat' dir='ltr'>id</span> <span class='ocrx_word' id='word_1_51' title='bbox 332 1036 530 1131; x_wconf 83' lang='lat' dir='ltr'>praecipue</span> <span class='ocrx_word' id='word_1_52' title='bbox 546 1053 739 1131; x_wconf 90' lang='lat' dir='ltr'>acceptum</span> <span class='ocrx_word' id='word_1_53' title='bbox 761 1029 892 1104; x_wconf 86' lang='lat' dir='ltr'>referre</span> <span class='ocrx_word' id='word_1_54' title='bbox 909 1030 1016 1104; x_wconf 86' lang='lat' dir='ltr'>debes</span> <span class='ocrx_word' id='word_1_55' title='bbox 1025 1031 1153 1105; x_wconf 89' lang='lat' dir='ltr'>huma·</span> 
     </span>
     <span class='ocr_line' id='line_1_9' title="bbox 137 1128 1153 1229; baseline -0.003 -28"><span class='ocrx_word' id='word_1_56' title='bbox 137 1134 221 1203; x_wconf 85' lang='lat' dir='ltr'>uitari</span> <span class='ocrx_word' id='word_1_57' title='bbox 236 1153 377 1221; x_wconf 88' lang='lat' dir='ltr'>eorum,</span> <span class='ocrx_word' id='word_1_58' title='bbox 404 1132 467 1229; x_wconf 87' lang='lat' dir='ltr'>qui</span> <span class='ocrx_word' id='word_1_59' title='bbox 485 1154 542 1203; x_wconf 89' lang='lat' dir='ltr'>me</span> <span class='ocrx_word' id='word_1_60' title='bbox 561 1132 615 1204; x_wconf 88' lang='lat' dir='ltr'>his</span> <span class='ocrx_word' id='word_1_61' title='bbox 633 1130 879 1202; x_wconf 83' lang='lat' dir='ltr'>instruxerunt</span> <span class='ocrx_word' id='word_1_62' title='bbox 897 1153 909 1215; x_wconf 83' lang='lat'>3</span> <span class='ocrx_word' id='word_1_63' title='bbox 933 1128 1063 1229; x_wconf 86' lang='lat' dir='ltr'>quibus</span> <span class='ocrx_word' id='word_1_64' title='bbox 1079 1150 1153 1225; x_wconf 84' lang='lat' dir='ltr'>ego</span> 
     </span>
     <span class='ocr_line' id='line_1_10' title="bbox 157 1224 1250 1327; baseline -0.001 -28"><span class='ocrx_word' id='word_1_65' title='bbox 157 1254 189 1300; x_wconf 91' lang='lat' dir='ltr'>ro</span> <span class='ocrx_word' id='word_1_66' title='bbox 203 1231 320 1303; x_wconf 78' lang='lat' dir='ltr'>eximio</span> <span class='ocrx_word' id='word_1_67' title='bbox 337 1230 414 1301; x_wconf 91' lang='lat' dir='ltr'>hoc</span> <span class='ocrx_word' id='word_1_68' title='bbox 432 1227 578 1321; x_wconf 84' lang='lat' dir='ltr'>officio,</span> <span class='ocrx_word' id='word_1_69' title='bbox 605 1230 642 1302; x_wconf 89' lang='lat'>&amp;</span> <span class='ocrx_word' id='word_1_70' title='bbox 661 1228 769 1327; x_wconf 89' lang='lat' dir='ltr'>plena</span> <span class='ocrx_word' id='word_1_71' title='bbox 789 1224 896 1299; x_wconf 89' lang='lat' dir='ltr'>studii</span> <span class='ocrx_word' id='word_1_72' title='bbox 922 1249 1006 1325; x_wconf 87' lang='lat' dir='ltr'>erga</span> <span class='ocrx_word' id='word_1_73' title='bbox 1036 1250 1094 1297; x_wconf 90' lang='lat' dir='ltr'>me</span> <span class='ocrx_word' id='word_1_74' title='bbox 1114 1226 1155 1317; x_wconf 73' lang='lat' dir='ltr'>dt</span> <span class='ocrx_word' id='word_1_75' title='bbox 1248 1245 1250 1250; x_wconf 84' lang='lat'>·</span> 
     </span>
     <span class='ocr_line' id='line_1_11' title="bbox 139 1254 1153 1425; baseline -0.001 -28.004"><span class='ocrx_word' id='word_1_76' title='bbox 139 1254 234 1400; x_wconf 75' lang='lat' dir='ltr'>iuerat</span> <span class='ocrx_word' id='word_1_77' title='bbox 247 1325 376 1401; x_wconf 87' lang='lat' dir='ltr'>nostras</span> <span class='ocrx_word' id='word_1_78' title='bbox 394 1328 613 1416; x_wconf 89' lang='lat' dir='ltr'>voluntate,</span> <span class='ocrx_word' id='word_1_79' title='bbox 639 1345 790 1425; x_wconf 90' lang='lat' dir='ltr'>quantas</span> <span class='ocrx_word' id='word_1_80' title='bbox 816 1324 957 1423; x_wconf 89' lang='lat' dir='ltr'>possum</span> <span class='ocrx_word' id='word_1_81' title='bbox 981 1324 1153 1397; x_wconf 79' lang='lat' dir='ltr'>maximas</span> 
     </span>
     <span class='ocr_line' id='line_1_12' title="bbox 141 1424 539 1523; baseline 0.003 -28"><span class='ocrx_word' id='word_1_82' title='bbox 141 1446 191 1521; x_wconf 83' lang='lat' dir='ltr'>ago</span> <span class='ocrx_word' id='word_1_83' title='bbox 204 1424 377 1523; x_wconf 82' lang='lat' dir='ltr'>habeoque</span> <span class='ocrx_word' id='word_1_84' title='bbox 396 1427 539 1523; x_wconf 78' lang='lat' dir='ltr'>gratias.</span> 
     </span>
    </p>

    <p class='ocr_par' dir='ltr' id='par_1_3' title="bbox 105 1520 1215 3677">
     <span class='ocr_line' id='line_1_13' title="bbox 177 1520 1155 1621; baseline -0.001 -26"><span class='ocrx_word' id='word_1_85' title='bbox 177 1522 321 1621; x_wconf 88' lang='lat' dir='ltr'>Superest</span> <span class='ocrx_word' id='word_1_86' title='bbox 339 1524 487 1596; x_wconf 88' lang='lat' dir='ltr'>tandem</span> <span class='ocrx_word' id='word_1_87' title='bbox 500 1577 509 1609; x_wconf 95' lang='lat'>,</span> <span class='ocrx_word' id='word_1_88' title='bbox 521 1542 585 1613; x_wconf 89' lang='lat' dir='ltr'>ut,</span> <span class='ocrx_word' id='word_1_89' title='bbox 610 1522 699 1621; x_wconf 90' lang='lat' dir='ltr'>quid</span> <span class='ocrx_word' id='word_1_90' title='bbox 718 1524 752 1596; x_wconf 90' lang='lat' dir='ltr'>in</span> <span class='ocrx_word' id='word_1_91' title='bbox 769 1521 881 1595; x_wconf 90' lang='lat' dir='ltr'>Floro</span> <span class='ocrx_word' id='word_1_92' title='bbox 901 1520 1155 1619; x_wconf 88' lang='lat' dir='ltr'>praestiterim,</span> 
     </span>
     <span class='ocr_line' id='line_1_14' title="bbox 139 1621 1155 1720; baseline 0.002 -29"><span class='ocrx_word' id='word_1_93' title='bbox 139 1643 295 1718; x_wconf 77' lang='lat' dir='ltr'>exponam.</span> <span class='ocrx_word' id='word_1_94' title='bbox 344 1624 407 1694; x_wconf 86' lang='lat' dir='ltr'>Ac</span> <span class='ocrx_word' id='word_1_95' title='bbox 453 1622 585 1695; x_wconf 85' lang='lat' dir='ltr'>timum</span> <span class='ocrx_word' id='word_1_96' title='bbox 611 1621 757 1720; x_wconf 89' lang='lat' dir='ltr'>quidem</span> <span class='ocrx_word' id='word_1_97' title='bbox 778 1625 813 1694; x_wconf 90' lang='lat' dir='ltr'>in</span> <span class='ocrx_word' id='word_1_98' title='bbox 842 1642 1019 1694; x_wconf 84' lang='lat' dir='ltr'>contextu</span> <span class='ocrx_word' id='word_1_99' title='bbox 1044 1622 1155 1693; x_wconf 88' lang='lat' dir='ltr'>eden·</span> 
     </span>
     <span class='ocr_line' id='line_1_15' title="bbox 142 1646 1152 1817; baseline 0.004 -30"><span class='ocrx_word' id='word_1_100' title='bbox 142 1716 176 1788; x_wconf 89' lang='lat' dir='ltr'>do</span> <span class='ocrx_word' id='word_1_101' title='bbox 196 1720 396 1817; x_wconf 87' lang='lat' dir='ltr'>plerumque</span> <span class='ocrx_word' id='word_1_102' title='bbox 426 1646 662 1793; x_wconf 53' lang='lat' dir='ltr'>ireinshcmii</span> <span class='ocrx_word' id='word_1_103' title='bbox 698 1720 738 1793; x_wconf 90' lang='lat'>&amp;</span> <span class='ocrx_word' id='word_1_104' title='bbox 765 1718 913 1792; x_wconf 85' lang='lat' dir='ltr'>Graevii</span> <span class='ocrx_word' id='word_1_105' title='bbox 941 1718 1152 1807; x_wconf 86' lang='lat' dir='ltr'>Editioncs,</span> 
     </span>
     <span class='ocr_line' id='line_1_16' title="bbox 142 1814 1215 1914; baseline -0.003 -27"><span class='ocrx_word' id='word_1_106' title='bbox 142 1838 210 1911; x_wconf 82' lang='lat' dir='ltr'>quae</span> <span class='ocrx_word' id='word_1_107' title='bbox 231 1814 302 1891; x_wconf 89' lang='lat' dir='ltr'>sunt</span> <span class='ocrx_word' id='word_1_108' title='bbox 322 1819 489 1890; x_wconf 91' lang='lat' dir='ltr'>omnium</span> <span class='ocrx_word' id='word_1_109' title='bbox 514 1816 833 1904; x_wconf 84' lang='lat' dir='ltr'>emendatiffimae,</span> <span class='ocrx_word' id='word_1_110' title='bbox 858 1815 1029 1914; x_wconf 87' lang='lat' dir='ltr'>sequutus</span> <span class='ocrx_word' id='word_1_111' title='bbox 1053 1816 1156 1904; x_wconf 84' lang='lat' dir='ltr'>sum3</span> <span class='ocrx_word' id='word_1_112' title='bbox 1204 1842 1215 1884; x_wconf 76' lang='grc'>·,</span> 
     </span>
     <span class='ocr_line' id='line_1_17' title="bbox 144 1912 1155 2007; baseline 0.002 -22"><span class='ocrx_word' id='word_1_113' title='bbox 144 1912 185 1985; x_wconf 88' lang='lat' dir='ltr'>sed</span> <span class='ocrx_word' id='word_1_114' title='bbox 205 1916 247 1987; x_wconf 93' lang='lat' dir='ltr'>ita</span> <span class='ocrx_word' id='word_1_115' title='bbox 268 1935 305 1987; x_wconf 91' lang='lat' dir='ltr'>ut</span> <span class='ocrx_word' id='word_1_116' title='bbox 321 1917 447 1988; x_wconf 88' lang='lat' dir='ltr'>neutri</span> <span class='ocrx_word' id='word_1_117' title='bbox 478 1938 599 1989; x_wconf 87' lang='lat' dir='ltr'>earum</span> <span class='ocrx_word' id='word_1_118' title='bbox 627 1918 663 1988; x_wconf 90' lang='lat' dir='ltr'>in</span> <span class='ocrx_word' id='word_1_119' title='bbox 695 1916 867 1988; x_wconf 86' lang='lat' dir='ltr'>omnibus</span> <span class='ocrx_word' id='word_1_120' title='bbox 894 1913 1155 2007; x_wconf 79' lang='lat' dir='ltr'>adhaerendum</span> 
     </span>
     <span class='ocr_line' id='line_1_18' title="bbox 144 2012 1155 2113; baseline 0.003 -31"><span class='ocrx_word' id='word_1_121' title='bbox 144 2012 352 2109; x_wconf 82' lang='lat' dir='ltr'>judicaverim.</span> <span class='ocrx_word' id='word_1_122' title='bbox 419 2012 519 2087; x_wconf 85' lang='lat' dir='ltr'>Nam</span> <span class='ocrx_word' id='word_1_123' title='bbox 555 2038 668 2113; x_wconf 89' lang='lat' dir='ltr'>quum</span> <span class='ocrx_word' id='word_1_124' title='bbox 704 2015 850 2113; x_wconf 88' lang='lat' dir='ltr'>utrique</span> <span class='ocrx_word' id='word_1_125' title='bbox 880 2012 996 2085; x_wconf 86' lang='lat' dir='ltr'>multa</span> <span class='ocrx_word' id='word_1_126' title='bbox 1029 2013 1155 2103; x_wconf 80' lang='lat' dir='ltr'>aliter,</span> 
     </span>
     <span class='ocr_line' id='line_1_19' title="bbox 147 2110 1153 2211; baseline 0.006 -33"><span class='ocrx_word' id='word_1_127' title='bbox 147 2133 227 2201; x_wconf 86' lang='lat' dir='ltr'>quam</span> <span class='ocrx_word' id='word_1_128' title='bbox 247 2132 319 2184; x_wconf 88' lang='lat' dir='ltr'>ante</span> <span class='ocrx_word' id='word_1_129' title='bbox 342 2110 580 2211; x_wconf 85' lang='lat' dir='ltr'>legebantur,</span> <span class='ocrx_word' id='word_1_130' title='bbox 616 2111 816 2205; x_wconf 86' lang='lat' dir='ltr'>ediderint,</span> <span class='ocrx_word' id='word_1_131' title='bbox 842 2111 996 2183; x_wconf 88' lang='lat' dir='ltr'>mediam</span> <span class='ocrx_word' id='word_1_132' title='bbox 1025 2136 1153 2209; x_wconf 89' lang='lat' dir='ltr'>quam·</span> 
     </span>
     <span class='ocr_line' id='line_1_20' title="bbox 148 2204 1154 2308; baseline 0.006 -33"><span class='ocrx_word' id='word_1_133' title='bbox 148 2204 210 2277; x_wconf 87' lang='lat' dir='ltr'>dam</span> <span class='ocrx_word' id='word_1_134' title='bbox 228 2212 309 2281; x_wconf 84' lang='lat' dir='ltr'>riam</span> <span class='ocrx_word' id='word_1_135' title='bbox 327 2214 423 2285; x_wconf 84' lang='lat' dir='ltr'>inter</span> <span class='ocrx_word' id='word_1_136' title='bbox 441 2210 659 2308; x_wconf 85' lang='lat' dir='ltr'>antiquiores</span> <span class='ocrx_word' id='word_1_137' title='bbox 677 2211 714 2284; x_wconf 87' lang='lat'>&amp;</span> <span class='ocrx_word' id='word_1_138' title='bbox 732 2212 863 2282; x_wconf 91' lang='lat' dir='ltr'>horum</span> <span class='ocrx_word' id='word_1_139' title='bbox 881 2207 1072 2280; x_wconf 85' lang='lat' dir='ltr'>Editiones</span> <span class='ocrx_word' id='word_1_140' title='bbox 1097 2228 1154 2281; x_wconf 89' lang='lat' dir='ltr'>te·</span> 
     </span>
     <span class='ocr_line' id='line_1_21' title="bbox 150 2305 1157 2406; baseline 0.006 -35"><span class='ocrx_word' id='word_1_141' title='bbox 150 2305 219 2391; x_wconf 87' lang='lat' dir='ltr'>nui,</span> <span class='ocrx_word' id='word_1_142' title='bbox 237 2308 316 2381; x_wconf 79' lang='lat' dir='ltr'>ut&amp;</span> <span class='ocrx_word' id='word_1_143' title='bbox 339 2334 400 2399; x_wconf 88' lang='lat' dir='ltr'>ea,</span> <span class='ocrx_word' id='word_1_144' title='bbox 427 2332 520 2406; x_wconf 88' lang='lat' dir='ltr'>quae</span> <span class='ocrx_word' id='word_1_145' title='bbox 545 2306 762 2382; x_wconf 71' lang='lat' dir='ltr'>austoritate</span> <span class='ocrx_word' id='word_1_146' title='bbox 786 2306 965 2377; x_wconf 87' lang='lat' dir='ltr'>librorum</span> <span class='ocrx_word' id='word_1_147' title='bbox 981 2324 1157 2400; x_wconf 86' lang='lat' dir='ltr'>veterum</span> 
     </span>
     <span class='ocr_line' id='line_1_22' title="bbox 151 2400 1157 2494; baseline 0.006 -24"><span class='ocrx_word' id='word_1_148' title='bbox 151 2401 335 2493; x_wconf 76' lang='lat' dir='ltr'>nitebantur,</span> <span class='ocrx_word' id='word_1_149' title='bbox 357 2405 584 2494; x_wconf 87' lang='lat' dir='ltr'>admiserim,</span> <span class='ocrx_word' id='word_1_150' title='bbox 611 2408 648 2481; x_wconf 72' lang='grc' dir='ltr'>δε</span> <span class='ocrx_word' id='word_1_151' title='bbox 679 2403 820 2491; x_wconf 88' lang='lat' dir='ltr'>rursus,</span> <span class='ocrx_word' id='word_1_152' title='bbox 849 2400 912 2475; x_wconf 89' lang='lat' dir='ltr'>ubi</span> <span class='ocrx_word' id='word_1_153' title='bbox 936 2424 978 2473; x_wconf 89' lang='lat' dir='ltr'>ea</span> <span class='ocrx_word' id='word_1_154' title='bbox 1003 2402 1101 2474; x_wconf 85' lang='lat' dir='ltr'>nulla</span> <span class='ocrx_word' id='word_1_155' title='bbox 1117 2427 1157 2476; x_wconf 89' lang='lat' dir='ltr'>e·</span> 
     </span>
     <span class='ocr_line' id='line_1_23' title="bbox 105 2500 1158 2603; baseline -0.012 -15"><span class='ocrx_word' id='word_1_156' title='bbox 105 2518 106 2529; x_wconf 75' lang='grc'>’</span> <span class='ocrx_word' id='word_1_157' title='bbox 151 2518 211 2586; x_wconf 69' lang='lat'>1²1,</span> <span class='ocrx_word' id='word_1_158' title='bbox 233 2503 435 2601; x_wconf 66' lang='lat' dir='ltr'>conjecturas</span> <span class='ocrx_word' id='word_1_159' title='bbox 451 2507 683 2603; x_wconf 87' lang='lat' dir='ltr'>quantumvis</span> <span class='ocrx_word' id='word_1_160' title='bbox 701 2500 977 2603; x_wconf 86' lang='lat' dir='ltr'>probabiles,&amp;</span> <span class='ocrx_word' id='word_1_161' title='bbox 997 2524 1083 2600; x_wconf 83' lang='lat' dir='ltr'>quas</span> <span class='ocrx_word' id='word_1_162' title='bbox 1100 2520 1158 2575; x_wconf 91' lang='lat' dir='ltr'>et·</span> 
     </span>
     <span class='ocr_line' id='line_1_24' title="bbox 150 2596 1158 2699; baseline 0.007 -32"><span class='ocrx_word' id='word_1_163' title='bbox 150 2596 201 2669; x_wconf 83' lang='lat' dir='ltr'>iam</span> <span class='ocrx_word' id='word_1_164' title='bbox 216 2599 354 2699; x_wconf 84' lang='lat' dir='ltr'>ipsepro</span> <span class='ocrx_word' id='word_1_165' title='bbox 373 2605 470 2676; x_wconf 87' lang='lat' dir='ltr'>veris</span> <span class='ocrx_word' id='word_1_166' title='bbox 495 2603 691 2691; x_wconf 85' lang='lat' dir='ltr'>habebam,</span> <span class='ocrx_word' id='word_1_167' title='bbox 718 2599 951 2687; x_wconf 83' lang='lat' dir='ltr'>excluserim,</span> <span class='ocrx_word' id='word_1_168' title='bbox 987 2600 1027 2675; x_wconf 70' lang='grc' dir='ltr'>δι</span> <span class='ocrx_word' id='word_1_169' title='bbox 1053 2620 1158 2674; x_wconf 85' lang='lat' dir='ltr'>vete·</span> 
     </span>
     <span class='ocr_line' id='line_1_25' title="bbox 151 2697 1157 2799; baseline 0.002 -32"><span class='ocrx_word' id='word_1_170' title='bbox 151 2718 204 2767; x_wconf 73' lang='lat' dir='ltr'>rem</span> <span class='ocrx_word' id='word_1_171' title='bbox 220 2697 418 2797; x_wconf 90' lang='lat' dir='ltr'>scripturam</span> <span class='ocrx_word' id='word_1_172' title='bbox 437 2722 648 2799; x_wconf 87' lang='lat' dir='ltr'>corruptam</span> <span class='ocrx_word' id='word_1_173' title='bbox 679 2725 871 2783; x_wconf 77' lang='lat' dir='ltr'>revocare,</span> <span class='ocrx_word' id='word_1_174' title='bbox 896 2723 1004 2797; x_wconf 87' lang='lat' dir='ltr'>quam</span> <span class='ocrx_word' id='word_1_175' title='bbox 1031 2702 1157 2795; x_wconf 82' lang='lat' dir='ltr'>conje-</span> 
     </span>
     <span class='ocr_line' id='line_1_26' title="bbox 149 2788 1159 2896; baseline 0.002 -30"><span class='ocrx_word' id='word_1_176' title='bbox 149 2788 357 2871; x_wconf 70' lang='lat' dir='ltr'>durislocum</span> <span class='ocrx_word' id='word_1_177' title='bbox 387 2799 473 2873; x_wconf 90' lang='lat' dir='ltr'>dare</span> <span class='ocrx_word' id='word_1_178' title='bbox 504 2798 714 2881; x_wconf 74' lang='lat' dir='ltr'>maluerim.</span> <span class='ocrx_word' id='word_1_179' title='bbox 756 2796 871 2896; x_wconf 90' lang='lat' dir='ltr'>quue</span> <span class='ocrx_word' id='word_1_180' title='bbox 893 2796 984 2868; x_wconf 87' lang='lat' dir='ltr'>mibi</span> <span class='ocrx_word' id='word_1_181' title='bbox 1009 2798 1159 2869; x_wconf 85' lang='lat' dir='ltr'>omnino</span> 
     </span>
     <span class='ocr_line' id='line_1_27' title="bbox 148 2888 1162 2995; baseline 0.007 -35"><span class='ocrx_word' id='word_1_182' title='bbox 148 2888 312 2967; x_wconf 79' lang='lat' dir='ltr'>iaciendum</span> <span class='ocrx_word' id='word_1_183' title='bbox 330 2900 479 2995; x_wconf 92' lang='lat' dir='ltr'>putavi,</span> <span class='ocrx_word' id='word_1_184' title='bbox 506 2894 571 2969; x_wconf 92' lang='lat' dir='ltr'>ubi</span> <span class='ocrx_word' id='word_1_185' title='bbox 591 2896 759 2970; x_wconf 88' lang='lat' dir='ltr'>videbam</span> <span class='ocrx_word' id='word_1_186' title='bbox 780 2894 909 2968; x_wconf 71' lang='lat' dir='ltr'>noctis</span> <span class='ocrx_word' id='word_1_187' title='bbox 927 2893 1020 2964; x_wconf 86' lang='lat' dir='ltr'>inter</span> <span class='ocrx_word' id='word_1_188' title='bbox 1037 2890 1162 2968; x_wconf 85' lang='lat' dir='ltr'>senon</span> 
     </span>
     <span class='ocr_line' id='line_1_28' title="bbox 147 2988 1162 3094; baseline 0.004 -34"><span class='ocrx_word' id='word_1_189' title='bbox 147 2996 326 3086; x_wconf 84' lang='lat' dir='ltr'>convenire,</span> <span class='ocrx_word' id='word_1_190' title='bbox 364 3018 502 3094; x_wconf 86' lang='lat' dir='ltr'>eosque</span> <span class='ocrx_word' id='word_1_191' title='bbox 534 2996 640 3067; x_wconf 89' lang='lat' dir='ltr'>aliam</span> <span class='ocrx_word' id='word_1_192' title='bbox 674 3014 783 3093; x_wconf 89' lang='lat' dir='ltr'>atque</span> <span class='ocrx_word' id='word_1_193' title='bbox 809 2996 914 3077; x_wconf 83' lang='lat' dir='ltr'>aliam</span> <span class='ocrx_word' id='word_1_194' title='bbox 950 2988 1162 3064; x_wconf 87' lang='lat' dir='ltr'>emendandi</span> 
     </span>
     <span class='ocr_line' id='line_1_29' title="bbox 148 3087 1165 3191; baseline 0.005 -35"><span class='ocrx_word' id='word_1_195' title='bbox 148 3088 218 3159; x_wconf 80' lang='lat' dir='ltr'>riam</span> <span class='ocrx_word' id='word_1_196' title='bbox 234 3090 265 3161; x_wconf 91' lang='lat' dir='ltr'>in</span> <span class='ocrx_word' id='word_1_197' title='bbox 307 3092 382 3163; x_wconf 90' lang='lat' dir='ltr'>edi:</span> <span class='ocrx_word' id='word_1_198' title='bbox 412 3092 718 3191; x_wconf 89' lang='lat' dir='ltr'>quemadmodum</span> <span class='ocrx_word' id='word_1_199' title='bbox 737 3094 774 3165; x_wconf 91' lang='lat' dir='ltr'>in</span> <span class='ocrx_word' id='word_1_200' title='bbox 799 3092 886 3181; x_wconf 87' lang='lat' dir='ltr'>isso,</span> <span class='ocrx_word' id='word_1_201' title='bbox 914 3087 1013 3187; x_wconf 91' lang='lat' dir='ltr'>quod</span> <span class='ocrx_word' id='word_1_202' title='bbox 1041 3112 1165 3163; x_wconf 85' lang='lat' dir='ltr'>exem·</span> 
     </span>
     <span class='ocr_line' id='line_1_30' title="bbox 146 3182 1164 3291; baseline 0.006 -37"><span class='ocrx_word' id='word_1_203' title='bbox 146 3182 184 3279; x_wconf 88' lang='lat' dir='ltr'>psi</span> <span class='ocrx_word' id='word_1_204' title='bbox 197 3210 287 3261; x_wconf 90' lang='lat' dir='ltr'>caua</span> <span class='ocrx_word' id='word_1_205' title='bbox 308 3188 481 3284; x_wconf 88' lang='lat' dir='ltr'>profero,</span> <span class='ocrx_word' id='word_1_206' title='bbox 508 3215 583 3289; x_wconf 93' lang='lat' dir='ltr'>quo</span> <span class='ocrx_word' id='word_1_207' title='bbox 603 3190 751 3264; x_wconf 72' lang='lat' dir='ltr'>Lestori</span> <span class='ocrx_word' id='word_1_208' title='bbox 768 3192 926 3291; x_wconf 87' lang='lat' dir='ltr'>apertius</span> <span class='ocrx_word' id='word_1_209' title='bbox 944 3188 1084 3261; x_wconf 88' lang='lat' dir='ltr'>demea</span> <span class='ocrx_word' id='word_1_210' title='bbox 1106 3212 1164 3262; x_wconf 88' lang='lat' dir='ltr'>ra·</span> 
     </span>
     <span class='ocr_line' id='line_1_31' title="bbox 146 3282 1166 3388; baseline 0.009 -39"><span class='ocrx_word' id='word_1_211' title='bbox 146 3283 224 3353; x_wconf 90' lang='lat' dir='ltr'>tione</span> <span class='ocrx_word' id='word_1_212' title='bbox 237 3288 391 3360; x_wconf 85' lang='lat' dir='ltr'>constare</span> <span class='ocrx_word' id='word_1_213' title='bbox 411 3287 537 3386; x_wconf 84' lang='lat' dir='ltr'>possit,</span> <span class='ocrx_word' id='word_1_214' title='bbox 563 3290 662 3388; x_wconf 90' lang='lat' dir='ltr'>quod</span> <span class='ocrx_word' id='word_1_215' title='bbox 690 3290 739 3362; x_wconf 91' lang='lat' dir='ltr'>L.</span> <span class='ocrx_word' id='word_1_216' title='bbox 765 3315 819 3363; x_wconf 74' lang='grc' dir='ltr'>ιν.</span> <span class='ocrx_word' id='word_1_217' title='bbox 838 3314 878 3363; x_wconf 84' lang='lat' dir='ltr'>c.</span> <span class='ocrx_word' id='word_1_218' title='bbox 898 3297 934 3360; x_wconf 92' lang='lat'>6.</span> <span class='ocrx_word' id='word_1_219' title='bbox 961 3282 1056 3381; x_wconf 68' lang='lat' dir='ltr'>§.a</span> <span class='ocrx_word' id='word_1_220' title='bbox 1081 3286 1166 3361; x_wconf 89' lang='lat' dir='ltr'>vus·</span> 
     </span>
     <span class='ocr_line' id='line_1_32' title="bbox 146 3380 1167 3483; baseline 0.01 -34"><span class='ocrx_word' id='word_1_221' title='bbox 146 3397 184 3473; x_wconf 86' lang='lat' dir='ltr'>go</span> <span class='ocrx_word' id='word_1_222' title='bbox 199 3380 390 3477; x_wconf 79' lang='lat' dir='ltr'>legebatur,</span> <span class='ocrx_word' id='word_1_223' title='bbox 417 3387 553 3483; x_wconf 80' lang='lat' dir='ltr'>diversa</span> <span class='ocrx_word' id='word_1_224' title='bbox 572 3391 719 3463; x_wconf 77' lang='lat' dir='ltr'>omnium</span> <span class='ocrx_word' id='word_1_225' title='bbox 744 3405 824 3461; x_wconf 79' lang='lat' dir='ltr'>nota</span> <span class='ocrx_word' id='word_1_226' title='bbox 851 3388 1015 3460; x_wconf 83' lang='lat' dir='ltr'>incendia.</span> <span class='ocrx_word' id='word_1_227' title='bbox 1063 3390 1167 3462; x_wconf 88' lang='lat' dir='ltr'>Natu</span> 
     </span>
     <span class='ocr_line' id='line_1_33' title="bbox 146 3481 1166 3643; baseline 0.013 -96"><span class='ocrx_word' id='word_1_228' title='bbox 146 3499 243 3643; x_wconf 74' lang='lat' dir='ltr'>puum</span> <span class='ocrx_word' id='word_1_229' title='bbox 259 3481 303 3553; x_wconf 89' lang='lat' dir='ltr'>ibi</span> <span class='ocrx_word' id='word_1_230' title='bbox 319 3484 608 3558; x_wconf 86' lang='lat' dir='ltr'>emendationem</span> <span class='ocrx_word' id='word_1_231' title='bbox 627 3488 658 3560; x_wconf 85' lang='lat' dir='ltr'>F</span> <span class='ocrx_word' id='word_1_232' title='bbox 660 3486 867 3560; x_wconf 88' lang='lat' dir='ltr'>reinsbemii</span> <span class='ocrx_word' id='word_1_233' title='bbox 887 3481 1094 3559; x_wconf 75' lang='lat' dir='ltr'>verissimam</span> <span class='ocrx_word' id='word_1_234' title='bbox 1112 3486 1166 3560; x_wconf 88' lang='lat' dir='ltr'>es·</span> 
     </span>
     <span class='ocr_line' id='line_1_34' title="bbox 158 3574 1168 3677; baseline 0.017 -33"><span class='ocrx_word' id='word_1_235' title='bbox 158 3574 391 3677; x_wconf 80' lang='lat' dir='ltr'>texistimem,</span> <span class='ocrx_word' id='word_1_236' title='bbox 421 3600 633 3657; x_wconf 87' lang='lat' dir='ltr'>tameneam</span> <span class='ocrx_word' id='word_1_237' title='bbox 651 3606 738 3657; x_wconf 90' lang='lat' dir='ltr'>cum</span> <span class='ocrx_word' id='word_1_238' title='bbox 766 3584 927 3657; x_wconf 91' lang='lat' dir='ltr'>Graevio</span> <span class='ocrx_word' id='word_1_239' title='bbox 955 3584 994 3657; x_wconf 68' lang='grc' dir='ltr'>ὃς</span> <span class='ocrx_word' id='word_1_240' title='bbox 1024 3585 1168 3661; x_wconf 80' lang='lat' dir='ltr'>Amste·</span> 
     </span>
    </p>
   </div>
   <div class='ocr_carea' id='block_1_3' title="bbox 146 3667 1184 4080">
    <p class='ocr_par' dir='ltr' id='par_1_4' title="bbox 146 3667 1184 4080">
     <span class='ocr_line' id='line_1_35' title="bbox 148 3667 1173 3781; baseline 0.015 -37"><span class='ocrx_word' id='word_1_241' title='bbox 148 3667 378 3753; x_wconf 81' lang='lat' dir='ltr'>sodamensibus</span> <span class='ocrx_word' id='word_1_242' title='bbox 416 3680 459 3752; x_wconf 88' lang='lat' dir='ltr'>in</span> <span class='ocrx_word' id='word_1_243' title='bbox 486 3700 696 3756; x_wconf 87' lang='lat' dir='ltr'>contextum</span> <span class='ocrx_word' id='word_1_244' title='bbox 734 3684 893 3781; x_wconf 89' lang='lat' dir='ltr'>recipere</span> <span class='ocrx_word' id='word_1_245' title='bbox 935 3706 1007 3756; x_wconf 91' lang='lat' dir='ltr'>non</span> <span class='ocrx_word' id='word_1_246' title='bbox 1051 3685 1173 3777; x_wconf 87' lang='lat' dir='ltr'>vosui;</span> 
     </span>
     <span class='ocr_line' id='line_1_36' title="bbox 149 3772 1172 3879; baseline 0.022 -40"><span class='ocrx_word' id='word_1_247' title='bbox 149 3772 227 3863; x_wconf 89' lang='lat' dir='ltr'>quod</span> <span class='ocrx_word' id='word_1_248' title='bbox 246 3796 357 3873; x_wconf 91' lang='lat' dir='ltr'>neque</span> <span class='ocrx_word' id='word_1_249' title='bbox 370 3778 420 3852; x_wconf 90' lang='lat' dir='ltr'>ab</span> <span class='ocrx_word' id='word_1_250' title='bbox 444 3774 520 3849; x_wconf 86' lang='lat' dir='ltr'>ullo</span> <span class='ocrx_word' id='word_1_251' title='bbox 537 3778 631 3853; x_wconf 88' lang='lat' dir='ltr'>libro</span> <span class='ocrx_word' id='word_1_252' title='bbox 648 3780 787 3879; x_wconf 85' lang='lat' dir='ltr'>scripto</span> <span class='ocrx_word' id='word_1_253' title='bbox 803 3782 950 3857; x_wconf 88' lang='lat' dir='ltr'>editove</span> <span class='ocrx_word' id='word_1_254' title='bbox 976 3779 1172 3860; x_wconf 77' lang='lat' dir='ltr'>confirma·</span> 
     </span>
     <span class='ocr_line' id='line_1_37' title="bbox 146 3860 1184 4080; baseline 0.004 -129"><span class='ocrx_word' id='word_1_255' title='bbox 146 3860 251 3966; x_wconf 59' lang='lat' dir='ltr'>bunt,</span> <span class='ocrx_word' id='word_1_256' title='bbox 274 3873 313 3952; x_wconf 86' lang='lat'>&amp;</span> <span class='ocrx_word' id='word_1_257' title='bbox 332 3872 439 3979; x_wconf 75' lang='lat' dir='ltr'>quod</span> <span class='ocrx_word' id='word_1_258' title='bbox 458 3872 507 3949; x_wconf 86' lang='lat' dir='ltr'>ls.</span> <span class='ocrx_word' id='word_1_259' title='bbox 524 3874 669 4021; x_wconf 62' lang='lat' dir='ltr'>Voffiup</span> <span class='ocrx_word' id='word_1_260' title='bbox 677 3878 922 4080; x_wconf 34' lang='lat' dir='ltr'>uliptpertus,</span> <span class='ocrx_word' id='word_1_261' title='bbox 951 3880 1083 3981; x_wconf 76' lang='lat' dir='ltr'>aliique</span> <span class='ocrx_word' id='word_1_262' title='bbox 1093 3934 1105 3970; x_wconf 91' lang='lat'>‚</span> <span class='ocrx_word' id='word_1_263' title='bbox 1104 3910 1184 4059; x_wconf 58' lang='lat' dir='ltr'>dadi</span> 
     </span>
    </p>
   </div>
   <div class='ocr_carea' id='block_1_4' title="bbox 0 0 1430 4767">
    <p class='ocr_par' dir='ltr' id='par_1_5' title="bbox 0 0 1430 4767">
     <span class='ocr_line' id='line_1_38' title="bbox 0 0 1430 4767; baseline 0 2"><span class='ocrx_word' id='word_1_264' title='bbox 0 0 1430 4767; x_wconf 95' lang='lat' dir='ltr'> </span> 
     </span>
    </p>
   </div>
  </div>
 </body>
</html>
